<?xml version="1.0" encoding="UTF-8"?>
<!DOCTYPE html PUBLIC "-//W3C//DTD XHTML 1.0 Transitional//EN"
    "http://www.w3.org/TR/xhtml1/DTD/xhtml1-transitional.dtd">
<html xmlns="http://www.w3.org/1999/xhtml" xml:lang="en" lang="en">
 <head>
  <title>
</title>
<meta http-equiv="Content-Type" content="text/html;charset=utf-8" />
  <meta name='ocr-system' content='tesseract 3.04.00' />
  <meta name='ocr-capabilities' content='ocr_page ocr_carea ocr_par ocr_line ocrx_word'/>
</head>
<body>
  <div class='ocr_page' id='page_1' title='image "./pvirgiliimaroni16virggoog_0313.png"; bbox 0 0 2412 3630; ppageno 0'>
   <div class='ocr_carea' id='block_1_1' title="bbox 193 168 1105 292">
    <p class='ocr_par' dir='ltr' id='par_1_1' title="bbox 193 168 1105 292">
     <span class='ocr_line' id='line_1_1' title="bbox 193 168 1105 292; baseline -0.003 -26"><span class='ocrx_word' id='word_1_1' title='bbox 193 259 195 266; x_wconf 86' lang='grc'><em>,</em></span> <span class='ocrx_word' id='word_1_2' title='bbox 269 279 272 286; x_wconf 41' lang='grc'>,</span> <span class='ocrx_word' id='word_1_3' title='bbox 320 168 805 292; x_wconf 64' lang='grc' dir='ltr'><strong>ωωωωι-ω,</strong></span> <span class='ocrx_word' id='word_1_4' title='bbox 843 253 845 260; x_wconf 39' lang='lat'><em>2</em></span> <span class='ocrx_word' id='word_1_5' title='bbox 1042 209 1105 278; x_wconf 76' lang='lat' dir='ltr'><strong>m</strong></span> 
     </span>
    </p>
   </div>
   <div class='ocr_carea' id='block_1_2' title="bbox 1 345 1163 2226">
    <p class='ocr_par' dir='ltr' id='par_1_2' title="bbox 55 345 1163 1010">
     <span class='ocr_line' id='line_1_2' title="bbox 55 345 770 428; baseline 0 -20"><span class='ocrx_word' id='word_1_6' title='bbox 55 345 212 428; x_wconf 85' lang='lat' dir='ltr'><strong>lmpediat,</strong></span> <span class='ocrx_word' id='word_1_7' title='bbox 241 364 385 426; x_wconf 81' lang='lat' dir='ltr'><strong>segnesve</strong></span> <span class='ocrx_word' id='word_1_8' title='bbox 406 354 485 408; x_wconf 87' lang='lat' dir='ltr'><strong>metu</strong></span> <span class='ocrx_word' id='word_1_9' title='bbox 506 346 647 408; x_wconf 84' lang='lat' dir='ltr'><strong>sententia</strong></span> <span class='ocrx_word' id='word_1_10' title='bbox 668 347 770 409; x_wconf 78' lang='lat' dir='ltr'><strong>tendet.</strong></span> 
     </span>
     <span class='ocr_line' id='line_1_3' title="bbox 55 427 777 512; baseline 0 -18"><span class='ocrx_word' id='word_1_11' title='bbox 55 435 167 494; x_wconf 76' lang='lat' dir='ltr'><strong>Interea</strong></span> <span class='ocrx_word' id='word_1_12' title='bbox 190 432 288 494; x_wconf 88' lang='lat' dir='ltr'><strong>secius</strong></span> <span class='ocrx_word' id='word_1_13' title='bbox 310 429 518 512; x_wconf 78' lang='lat' dir='ltr'><strong>inhumataque</strong></span> <span class='ocrx_word' id='word_1_14' title='bbox 538 451 661 512; x_wconf 90' lang='lat' dir='ltr'><strong>corpora</strong></span> <span class='ocrx_word' id='word_1_15' title='bbox 683 427 777 494; x_wconf 80' lang='lat' dir='ltr'><strong>terrae</strong></span> 
     </span>
     <span class='ocr_line' id='line_1_4' title="bbox 56 515 965 600; baseline 0.002 -20"><span class='ocrx_word' id='word_1_16' title='bbox 56 518 246 594; x_wconf 85' lang='lat' dir='ltr'><strong>Mandemus,</strong></span> <span class='ocrx_word' id='word_1_17' title='bbox 276 517 327 600; x_wconf 93' lang='lat' dir='ltr'><strong>qui</strong></span> <span class='ocrx_word' id='word_1_18' title='bbox 350 515 432 581; x_wconf 88' lang='lat' dir='ltr'><strong>selus</strong></span> <span class='ocrx_word' id='word_1_19' title='bbox 454 517 558 578; x_wconf 86' lang='lat' dir='ltr'><strong>henes·</strong></span> <span class='ocrx_word' id='word_1_20' title='bbox 570 517 731 580; x_wconf 80' lang='lat' dir='ltr'><strong>Acherunte</strong></span> <span class='ocrx_word' id='word_1_21' title='bbox 752 517 810 580; x_wconf 88' lang='lat' dir='ltr'><strong>sub</strong></span> <span class='ocrx_word' id='word_1_22' title='bbox 831 519 890 580; x_wconf 88' lang='lat' dir='ltr'><strong>imo</strong></span> <span class='ocrx_word' id='word_1_23' title='bbox 911 529 965 582; x_wconf 82' lang='lat' dir='ltr'><strong>est</strong></span> 
     </span>
     <span class='ocr_line' id='line_1_5' title="bbox 57 602 892 685; baseline 0.001 -20"><span class='ocrx_word' id='word_1_24' title='bbox 57 605 130 681; x_wconf 89' lang='lat' dir='ltr'><strong>lte‚.</strong></span> <span class='ocrx_word' id='word_1_25' title='bbox 146 605 201 675; x_wconf 84' lang='lat' dir='ltr'><strong>ait,</strong></span> <span class='ocrx_word' id='word_1_26' title='bbox 231 602 365 682; x_wconf 78' lang='lat' dir='ltr'><strong>egregias</strong></span> <span class='ocrx_word' id='word_1_27' title='bbox 387 603 516 678; x_wconf 86' lang='lat' dir='ltr'><strong>animas,</strong></span> <span class='ocrx_word' id='word_1_28' title='bbox 546 623 622 685; x_wconf 89' lang='lat' dir='ltr'><strong>quae</strong></span> <span class='ocrx_word' id='word_1_29' title='bbox 644 604 786 684; x_wconf 83' lang='lat' dir='ltr'><strong>sanguine</strong></span> <span class='ocrx_word' id='word_1_30' title='bbox 808 605 892 666; x_wconf 87' lang='lat' dir='ltr'><strong>nobis</strong></span> 
     </span>
     <span class='ocr_line' id='line_1_6' title="bbox 57 687 1163 770; baseline 0.002 -20"><span class='ocrx_word' id='word_1_31' title='bbox 57 691 143 752; x_wconf 90' lang='lat' dir='ltr'><strong>llanc</strong></span> <span class='ocrx_word' id='word_1_32' title='bbox 163 689 287 770; x_wconf 87' lang='lat' dir='ltr'><strong>patriam</strong></span> <span class='ocrx_word' id='word_1_33' title='bbox 309 707 447 769; x_wconf 82' lang='lat' dir='ltr'><strong>peperere</strong></span> <span class='ocrx_word' id='word_1_34' title='bbox 464 703 540 760; x_wconf 81' lang='lat' dir='ltr'><strong>suc,</strong></span> <span class='ocrx_word' id='word_1_35' title='bbox 569 687 705 756; x_wconf 85' lang='lat' dir='ltr'><strong>decorate</strong></span> <span class='ocrx_word' id='word_1_36' title='bbox 727 691 873 770; x_wconf 86' lang='lat' dir='ltr'><strong>supremis</strong></span> <span class='ocrx_word' id='word_1_37' title='bbox 1064 699 1104 752; x_wconf 76' lang='lat'><strong>25</strong></span> <span class='ocrx_word' id='word_1_38' title='bbox 1147 748 1163 765; x_wconf 76' lang='grc'><strong>.,</strong></span> 
     </span>
     <span class='ocr_line' id='line_1_7' title="bbox 57 773 942 856; baseline 0.001 -20"><span class='ocrx_word' id='word_1_39' title='bbox 57 775 247 854; x_wconf 75' lang='lat' dir='ltr'><strong>Muneribus,</strong></span> <span class='ocrx_word' id='word_1_40' title='bbox 278 782 477 856; x_wconf 87' lang='lat' dir='ltr'><strong>maestamque</strong></span> <span class='ocrx_word' id='word_1_41' title='bbox 499 773 759 855; x_wconf 82' lang='lat' dir='ltr'><strong>Evandriprimus</strong></span> <span class='ocrx_word' id='word_1_42' title='bbox 780 775 817 836; x_wconf 87' lang='lat' dir='ltr'><strong>ad</strong></span> <span class='ocrx_word' id='word_1_43' title='bbox 839 775 942 852; x_wconf 89' lang='lat' dir='ltr'><strong>urbem</strong></span> 
     </span>
     <span class='ocr_line' id='line_1_8' title="bbox 57 857 913 942; baseline 0.002 -22"><span class='ocrx_word' id='word_1_44' title='bbox 57 860 189 920; x_wconf 89' lang='lat' dir='ltr'><strong>Mittatur</strong></span> <span class='ocrx_word' id='word_1_45' title='bbox 211 859 335 931; x_wconf 54' lang='lat' dir='ltr'><strong>Pallass</strong></span> <span class='ocrx_word' id='word_1_46' title='bbox 352 879 441 940; x_wconf 88' lang='lat' dir='ltr'><strong>quem</strong></span> <span class='ocrx_word' id='word_1_47' title='bbox 463 880 522 920; x_wconf 90' lang='lat' dir='ltr'><strong>nun</strong></span> <span class='ocrx_word' id='word_1_48' title='bbox 545 857 660 942; x_wconf 67' lang='lat' dir='ltr'><strong>virtutis</strong></span> <span class='ocrx_word' id='word_1_49' title='bbox 682 869 816 940; x_wconf 79' lang='lat' dir='ltr'><strong>agentem</strong></span> <span class='ocrx_word' id='word_1_50' title='bbox 855 899 876 936; x_wconf 47' lang='grc' dir='ltr'><strong>χ</strong></span> <span class='ocrx_word' id='word_1_51' title='bbox 910 899 913 908; x_wconf 87' lang='lat'>·</span> 
     </span>
     <span class='ocr_line' id='line_1_9' title="bbox 55 943 805 1010; baseline -0.005 0"><span class='ocrx_word' id='word_1_52' title='bbox 55 945 185 1010; x_wconf 82' lang='lat' dir='ltr'><strong>Abstulit</strong></span> <span class='ocrx_word' id='word_1_53' title='bbox 206 955 265 1006; x_wconf 85' lang='lat' dir='ltr'><strong>atre</strong></span> <span class='ocrx_word' id='word_1_54' title='bbox 289 943 352 1006; x_wconf 89' lang='lat' dir='ltr'><strong>dies</strong></span> <span class='ocrx_word' id='word_1_55' title='bbox 374 954 403 1006; x_wconf 91' lang='lat' dir='ltr'><strong>et</strong></span> <span class='ocrx_word' id='word_1_56' title='bbox 424 945 526 1006; x_wconf 85' lang='lat' dir='ltr'><strong>iuuere</strong></span> <span class='ocrx_word' id='word_1_57' title='bbox 548 945 649 1006; x_wconf 86' lang='lat' dir='ltr'><strong>mersit</strong></span> <span class='ocrx_word' id='word_1_58' title='bbox 670 945 805 1007; x_wconf 54' lang='lat' dir='ltr'><strong>acerbo.x</strong></span> 
     </span>
    </p>

    <p class='ocr_par' dir='ltr' id='par_1_3' title="bbox 1 1030 998 2226">
     <span class='ocr_line' id='line_1_10' title="bbox 145 1030 989 1111; baseline 0.004 -19"><span class='ocrx_word' id='word_1_59' title='bbox 145 1030 196 1092; x_wconf 89' lang='lat' dir='ltr'><strong>Sic</strong></span> <span class='ocrx_word' id='word_1_60' title='bbox 210 1033 258 1092; x_wconf 81' lang='lat' dir='ltr'><strong>&#39;ait</strong></span> <span class='ocrx_word' id='word_1_61' title='bbox 279 1030 455 1092; x_wconf 78' lang='lat' dir='ltr'><strong>illacrimans</strong></span> <span class='ocrx_word' id='word_1_62' title='bbox 477 1031 637 1111; x_wconf 77' lang='lat' dir='ltr'><strong>recipitque</strong></span> <span class='ocrx_word' id='word_1_63' title='bbox 658 1030 695 1091; x_wconf 93' lang='lat' dir='ltr'><strong>ad</strong></span> <span class='ocrx_word' id='word_1_64' title='bbox 717 1031 816 1091; x_wconf 88' lang='lat' dir='ltr'><strong>limina</strong></span> <span class='ocrx_word' id='word_1_65' title='bbox 838 1050 989 1111; x_wconf 81' lang='lat' dir='ltr'><strong>grassum,</strong></span> 
     </span>
     <span class='ocr_line' id='line_1_11' title="bbox 59 1115 850 1198; baseline 0.001 -21"><span class='ocrx_word' id='word_1_66' title='bbox 59 1117 177 1197; x_wconf 89' lang='lat' dir='ltr'><strong>Corpus</strong></span> <span class='ocrx_word' id='word_1_67' title='bbox 201 1116 251 1178; x_wconf 93' lang='lat' dir='ltr'><strong>ubi</strong></span> <span class='ocrx_word' id='word_1_68' title='bbox 273 1116 397 1177; x_wconf 68' lang='lat' dir='ltr'><strong>exani-i</strong></span> <span class='ocrx_word' id='word_1_69' title='bbox 418 1117 547 1198; x_wconf 87' lang='lat' dir='ltr'><strong>pesitum</strong></span> <span class='ocrx_word' id='word_1_70' title='bbox 565 1115 707 1176; x_wconf 86' lang='lat' dir='ltr'><strong>Pallantis</strong></span> <span class='ocrx_word' id='word_1_71' title='bbox 728 1116 850 1178; x_wconf 81' lang='lat' dir='ltr'><strong>Acoetes</strong></span> 
     </span>
     <span class='ocr_line' id='line_1_12' title="bbox 58 1200 747 1284; baseline -0.003 -20"><span class='ocrx_word' id='word_1_72' title='bbox 58 1202 202 1272; x_wconf 88' lang='lat' dir='ltr'><strong>Servabat</strong></span> <span class='ocrx_word' id='word_1_73' title='bbox 220 1201 333 1275; x_wconf 70' lang='lat' dir='ltr'><strong>senior,</strong></span> <span class='ocrx_word' id='word_1_74' title='bbox 362 1203 413 1284; x_wconf 92' lang='lat' dir='ltr'><strong>qui</strong></span> <span class='ocrx_word' id='word_1_75' title='bbox 436 1200 590 1263; x_wconf 87' lang='lat' dir='ltr'><strong>Parrhasio</strong></span> <span class='ocrx_word' id='word_1_76' title='bbox 605 1200 747 1262; x_wconf 82' lang='lat' dir='ltr'><strong>¹Evandro</strong></span> 
     </span>
     <span class='ocr_line' id='line_1_13' title="bbox 59 1285 806 1370; baseline 0.003 -20"><span class='ocrx_word' id='word_1_77' title='bbox 59 1289 195 1370; x_wconf 77' lang='lat' dir='ltr'><strong>Armiger</strong></span> <span class='ocrx_word' id='word_1_78' title='bbox 217 1297 282 1348; x_wconf 88' lang='lat' dir='ltr'><strong>ante</strong></span> <span class='ocrx_word' id='word_1_79' title='bbox 303 1287 372 1360; x_wconf 81' lang='lat' dir='ltr'><strong>luit,</strong></span> <span class='ocrx_word' id='word_1_80' title='bbox 401 1287 534 1350; x_wconf 86' lang='lat' dir='ltr'><strong>sednon</strong></span> <span class='ocrx_word' id='word_1_81' title='bbox 556 1285 690 1348; x_wconf 79' lang='lat' dir='ltr'><strong>salicibus</strong></span> <span class='ocrx_word' id='word_1_82' title='bbox 711 1301 806 1368; x_wconf 76' lang='lat' dir='ltr'><strong>aeque</strong></span> 
     </span>
     <span class='ocr_line' id='line_1_14' title="bbox 59 1371 847 1456; baseline -0.003 -22"><span class='ocrx_word' id='word_1_83' title='bbox 59 1376 136 1444; x_wconf 85' lang='lat' dir='ltr'><strong>Tum</strong></span> <span class='ocrx_word' id='word_1_84' title='bbox 158 1391 259 1456; x_wconf 81' lang='lat' dir='ltr'><strong>cemes</strong></span> <span class='ocrx_word' id='word_1_85' title='bbox 280 1373 419 1455; x_wconf 89' lang='lat' dir='ltr'><strong>auspiciis</strong></span> <span class='ocrx_word' id='word_1_86' title='bbox 440 1392 509 1432; x_wconf 90' lang='lat' dir='ltr'><strong>care</strong></span> <span class='ocrx_word' id='word_1_87' title='bbox 531 1371 616 1432; x_wconf 89' lang='lat' dir='ltr'><strong>datus</strong></span> <span class='ocrx_word' id='word_1_88' title='bbox 637 1371 697 1431; x_wconf 84' lang='lat' dir='ltr'><strong>ibet</strong></span> <span class='ocrx_word' id='word_1_89' title='bbox 719 1372 847 1432; x_wconf 89' lang='lat' dir='ltr'><strong>alumno.</strong></span> 
     </span>
     <span class='ocr_line' id='line_1_15' title="bbox 61 1457 955 1538; baseline 0 -18"><span class='ocrx_word' id='word_1_90' title='bbox 61 1459 179 1520; x_wconf 89' lang='lat' dir='ltr'><strong>Circum</strong></span> <span class='ocrx_word' id='word_1_91' title='bbox 203 1459 297 1521; x_wconf 89' lang='lat' dir='ltr'><strong>omnis</strong></span> <span class='ocrx_word' id='word_1_92' title='bbox 319 1458 520 1538; x_wconf 81' lang='lat' dir='ltr'><strong>famulumque</strong></span> <span class='ocrx_word' id='word_1_93' title='bbox 542 1475 648 1518; x_wconf 89' lang='lat' dir='ltr'><strong>manus</strong></span> <span class='ocrx_word' id='word_1_94' title='bbox 670 1457 851 1538; x_wconf 86' lang='lat' dir='ltr'><strong>Troianaque</strong></span> <span class='ocrx_word' id='word_1_95' title='bbox 872 1457 955 1520; x_wconf 87' lang='lat' dir='ltr'><strong>turba</strong></span> 
     </span>
     <span class='ocr_line' id='line_1_16' title="bbox 59 1542 828 1606; baseline -0.003 0"><span class='ocrx_word' id='word_1_96' title='bbox 59 1545 96 1606; x_wconf 88' lang='lat' dir='ltr'><strong>Et</strong></span> <span class='ocrx_word' id='word_1_97' title='bbox 118 1553 263 1606; x_wconf 88' lang='lat' dir='ltr'><strong>maestum</strong></span> <span class='ocrx_word' id='word_1_98' title='bbox 286 1543 391 1605; x_wconf 87' lang='lat' dir='ltr'><strong>iliades</strong></span> <span class='ocrx_word' id='word_1_99' title='bbox 411 1544 521 1604; x_wconf 85' lang='lat' dir='ltr'><strong>crinem</strong></span> <span class='ocrx_word' id='word_1_100' title='bbox 542 1542 579 1604; x_wconf 88' lang='lat' dir='ltr'><strong>de</strong></span> <span class='ocrx_word' id='word_1_101' title='bbox 600 1561 684 1604; x_wconf 90' lang='lat' dir='ltr'><strong>more</strong></span> <span class='ocrx_word' id='word_1_102' title='bbox 705 1542 828 1606; x_wconf 82' lang='lat' dir='ltr'><strong>solutae.</strong></span> 
     </span>
     <span class='ocr_line' id='line_1_17' title="bbox 61 1619 810 1702; baseline -0.001 -11"><span class='ocrx_word' id='word_1_103' title='bbox 61 1632 101 1694; x_wconf 86' lang='lat' dir='ltr'><strong>Ut</strong></span> <span class='ocrx_word' id='word_1_104' title='bbox 122 1651 191 1692; x_wconf 88' lang='lat' dir='ltr'><strong>vero</strong></span> <span class='ocrx_word' id='word_1_105' title='bbox 213 1631 324 1692; x_wconf 86' lang='lat' dir='ltr'><strong>Aeneas</strong></span> <span class='ocrx_word' id='word_1_106' title='bbox 347 1629 464 1690; x_wconf 88' lang='lat' dir='ltr'><strong>loribus·</strong></span> <span class='ocrx_word' id='word_1_107' title='bbox 479 1647 546 1690; x_wconf 88' lang='lat' dir='ltr'><strong>sese</strong></span> <span class='ocrx_word' id='word_1_108' title='bbox 568 1619 665 1688; x_wconf 88' lang='lat' dir='ltr'><strong>intulit</strong></span> <span class='ocrx_word' id='word_1_109' title='bbox 686 1628 768 1702; x_wconf 87' lang='lat' dir='ltr'><strong>altis,</strong></span> <span class='ocrx_word' id='word_1_110' title='bbox 808 1639 810 1644; x_wconf 80' lang='grc'>’</span> 
     </span>
     <span class='ocr_line' id='line_1_18' title="bbox 61 1713 794 1797; baseline -0.001 -20"><span class='ocrx_word' id='word_1_111' title='bbox 61 1720 212 1797; x_wconf 85' lang='lat' dir='ltr'><strong>lugentem</strong></span> <span class='ocrx_word' id='word_1_112' title='bbox 235 1716 374 1796; x_wconf 84' lang='lat' dir='ltr'><strong>gemitum</strong></span> <span class='ocrx_word' id='word_1_113' title='bbox 397 1716 492 1777; x_wconf 87' lang='lat' dir='ltr'><strong>tunsis</strong></span> <span class='ocrx_word' id='word_1_114' title='bbox 514 1713 668 1775; x_wconf 85' lang='lat' dir='ltr'><strong>adsidere</strong></span> <span class='ocrx_word' id='word_1_115' title='bbox 690 1714 794 1776; x_wconf 85' lang='lat' dir='ltr'><strong>tollunt</strong></span> 
     </span>
     <span class='ocr_line' id='line_1_19' title="bbox 1 1800 819 1881; baseline -0.006 -18"><span class='ocrx_word' id='word_1_116' title='bbox 1 1843 2 1850; x_wconf 22' lang='grc' dir='ltr'><strong>κ</strong></span> <span class='ocrx_word' id='word_1_117' title='bbox 62 1803 264 1871; x_wconf 66' lang='lat' dir='ltr'><strong>Pectoribus„</strong></span> <span class='ocrx_word' id='word_1_118' title='bbox 279 1810 450 1881; x_wconf 85' lang='lat' dir='ltr'><strong>maestoque</strong></span> <span class='ocrx_word' id='word_1_119' title='bbox 472 1800 606 1877; x_wconf 83' lang='lat' dir='ltr'><strong>immugit</strong></span> <span class='ocrx_word' id='word_1_120' title='bbox 626 1801 706 1880; x_wconf 80' lang='lat' dir='ltr'><strong>regia</strong></span> <span class='ocrx_word' id='word_1_121' title='bbox 728 1800 819 1862; x_wconf 89' lang='lat' dir='ltr'><strong>luctu.</strong></span> 
     </span>
     <span class='ocr_line' id='line_1_20' title="bbox 61 1883 771 1971; baseline -0.003 -23"><span class='ocrx_word' id='word_1_122' title='bbox 61 1890 145 1971; x_wconf 87' lang='lat' dir='ltr'><strong>lpse,</strong></span> <span class='ocrx_word' id='word_1_123' title='bbox 175 1896 263 1968; x_wconf 88' lang='lat' dir='ltr'><strong>caput</strong></span> <span class='ocrx_word' id='word_1_124' title='bbox 284 1883 359 1948; x_wconf 88' lang='lat' dir='ltr'><strong>nivei</strong></span> <span class='ocrx_word' id='word_1_125' title='bbox 382 1885 487 1970; x_wconf 69' lang='lat' dir='ltr'><strong>lullum</strong></span> <span class='ocrx_word' id='word_1_126' title='bbox 510 1886 648 1948; x_wconf 89' lang='lat' dir='ltr'><strong>Pallantis</strong></span> <span class='ocrx_word' id='word_1_127' title='bbox 670 1896 699 1947; x_wconf 88' lang='lat' dir='ltr'><strong>et</strong></span> <span class='ocrx_word' id='word_1_128' title='bbox 719 1906 771 1947; x_wconf 85' lang='lat' dir='ltr'><strong>era</strong></span> 
     </span>
     <span class='ocr_line' id='line_1_21' title="bbox 63 1971 774 2054; baseline -0.003 -18"><span class='ocrx_word' id='word_1_129' title='bbox 63 1976 99 2036; x_wconf 86' lang='lat' dir='ltr'><strong>Ut</strong></span> <span class='ocrx_word' id='word_1_130' title='bbox 122 1972 193 2034; x_wconf 89' lang='lat' dir='ltr'><strong>vidit</strong></span> <span class='ocrx_word' id='word_1_131' title='bbox 215 1973 330 2053; x_wconf 78' lang='lat' dir='ltr'><strong>levique</strong></span> <span class='ocrx_word' id='word_1_132' title='bbox 352 1981 453 2053; x_wconf 86' lang='lat' dir='ltr'><strong>patens</strong></span> <span class='ocrx_word' id='word_1_133' title='bbox 475 1973 504 2032; x_wconf 92' lang='lat' dir='ltr'><strong>in</strong></span> <span class='ocrx_word' id='word_1_134' title='bbox 526 1981 644 2054; x_wconf 88' lang='lat' dir='ltr'><strong>pectore</strong></span> <span class='ocrx_word' id='word_1_135' title='bbox 665 1971 774 2038; x_wconf 82' lang='lat' dir='ltr'><strong>vulnus</strong></span> 
     </span>
     <span class='ocr_line' id='line_1_22' title="bbox 63 2057 849 2140; baseline -0.006 -19"><span class='ocrx_word' id='word_1_136' title='bbox 63 2059 203 2140; x_wconf 84' lang='lat' dir='ltr'><strong>Cuspidis</strong></span> <span class='ocrx_word' id='word_1_137' title='bbox 225 2057 386 2132; x_wconf 84' lang='lat' dir='ltr'><strong>Ausoniae,</strong></span> <span class='ocrx_word' id='word_1_138' title='bbox 417 2057 544 2120; x_wconf 83' lang='lat' dir='ltr'><strong>lacrimis</strong></span> <span class='ocrx_word' id='word_1_139' title='bbox 566 2058 606 2118; x_wconf 93' lang='lat' dir='ltr'><strong>ita</strong></span> <span class='ocrx_word' id='word_1_140' title='bbox 628 2057 703 2118; x_wconf 87' lang='lat' dir='ltr'><strong>latur</strong></span> <span class='ocrx_word' id='word_1_141' title='bbox 724 2057 849 2118; x_wconf 84' lang='lat' dir='ltr'><strong>obortis:</strong></span> 
     </span>
     <span class='ocr_line' id='line_1_23' title="bbox 64 2140 998 2226; baseline -0.005 -19"><span class='ocrx_word' id='word_1_142' title='bbox 64 2147 157 2216; x_wconf 84' lang='lat' dir='ltr'><strong>Tene,</strong></span> <span class='ocrx_word' id='word_1_143' title='bbox 186 2145 295 2226; x_wconf 88' lang='lat' dir='ltr'><strong>inquit,</strong></span> <span class='ocrx_word' id='word_1_144' title='bbox 324 2143 488 2206; x_wconf 89' lang='lat' dir='ltr'><strong>miserande</strong></span> <span class='ocrx_word' id='word_1_145' title='bbox 509 2162 598 2223; x_wconf 91' lang='lat' dir='ltr'><strong>puer,</strong></span> <span class='ocrx_word' id='word_1_146' title='bbox 628 2161 696 2204; x_wconf 88' lang='lat' dir='ltr'><strong>cum</strong></span> <span class='ocrx_word' id='word_1_147' title='bbox 719 2142 792 2203; x_wconf 85' lang='lat' dir='ltr'><strong>laeta</strong></span> <span class='ocrx_word' id='word_1_148' title='bbox 814 2140 939 2218; x_wconf 87' lang='lat' dir='ltr'><strong>veniret,</strong></span> <span class='ocrx_word' id='word_1_149' title='bbox 996 2173 998 2176; x_wconf 95' lang='lat'>·</span> 
     </span>
    </p>
   </div>
   <div class='ocr_carea' id='block_1_3' title="bbox 1 2226 1020 2825">
    <p class='ocr_par' dir='ltr' id='par_1_4' title="bbox 1 2226 739 2304">
     <span class='ocr_line' id='line_1_24' title="bbox 1 2226 739 2304; baseline -0.001 -13"><span class='ocrx_word' id='word_1_150' title='bbox 1 2257 2 2262; x_wconf 44' lang='lat'>¹</span> <span class='ocrx_word' id='word_1_151' title='bbox 55 2231 169 2292; x_wconf 82' lang='lat' dir='ltr'><strong>‚invidit</strong></span> <span class='ocrx_word' id='word_1_152' title='bbox 190 2231 316 2291; x_wconf 90' lang='lat' dir='ltr'><strong>Fortuna</strong></span> <span class='ocrx_word' id='word_1_153' title='bbox 337 2228 425 2304; x_wconf 86' lang='lat' dir='ltr'><strong>milri,</strong></span> <span class='ocrx_word' id='word_1_154' title='bbox 455 2247 492 2288; x_wconf 88' lang='lat' dir='ltr'><strong>na</strong></span> <span class='ocrx_word' id='word_1_155' title='bbox 512 2247 545 2288; x_wconf 88' lang='lat' dir='ltr'><strong>re</strong></span> <span class='ocrx_word' id='word_1_156' title='bbox 567 2247 604 2288; x_wconf 90' lang='lat' dir='ltr'><strong>na</strong></span> <span class='ocrx_word' id='word_1_157' title='bbox 625 2226 739 2290; x_wconf 82' lang='lat' dir='ltr'><strong>videres</strong></span> 
     </span>
    </p>

    <p class='ocr_par' dir='ltr' id='par_1_5' title="bbox 1 2247 976 2480">
     <span class='ocr_line' id='line_1_25' title="bbox 1 2247 976 2394; baseline -0.009 -15"><span class='ocrx_word' id='word_1_158' title='bbox 1 2311 2 2326; x_wconf 56' lang='lat'>²</span> <span class='ocrx_word' id='word_1_159' title='bbox 64 2318 187 2389; x_wconf 87' lang='lat' dir='ltr'><strong>Nostra,</strong></span> <span class='ocrx_word' id='word_1_160' title='bbox 217 2335 313 2394; x_wconf 83' lang='lat' dir='ltr'><strong>neque</strong></span> <span class='ocrx_word' id='word_1_161' title='bbox 335 2315 372 2376; x_wconf 86' lang='lat' dir='ltr'><strong>ad</strong></span> <span class='ocrx_word' id='word_1_162' title='bbox 394 2313 479 2376; x_wconf 89' lang='lat' dir='ltr'><strong>sedes</strong></span> <span class='ocrx_word' id='word_1_163' title='bbox 502 2247 594 2374; x_wconf 55' lang='lat' dir='ltr'><strong>eicior</strong></span> <span class='ocrx_word' id='word_1_164' title='bbox 615 2311 753 2374; x_wconf 89' lang='lat' dir='ltr'><strong>veherere</strong></span> <span class='ocrx_word' id='word_1_165' title='bbox 774 2308 929 2393; x_wconf 70' lang='lat' dir='ltr'><strong>paternas?</strong></span> <span class='ocrx_word' id='word_1_166' title='bbox 973 2364 976 2370; x_wconf 87' lang='lat'>.</span> 
     </span>
     <span class='ocr_line' id='line_1_26' title="bbox 65 2399 929 2480; baseline -0.007 -18"><span class='ocrx_word' id='word_1_167' title='bbox 65 2403 129 2464; x_wconf 91' lang='lat' dir='ltr'><strong>Neu</strong></span> <span class='ocrx_word' id='word_1_168' title='bbox 153 2401 227 2462; x_wconf 90' lang='lat' dir='ltr'><strong>haec</strong></span> <span class='ocrx_word' id='word_1_169' title='bbox 248 2400 382 2462; x_wconf 88' lang='lat' dir='ltr'><strong>Evandro</strong></span> <span class='ocrx_word' id='word_1_170' title='bbox 403 2399 440 2460; x_wconf 89' lang='lat' dir='ltr'><strong>da</strong></span> <span class='ocrx_word' id='word_1_171' title='bbox 461 2409 490 2460; x_wconf 86' lang='lat' dir='ltr'><strong>te</strong></span> <span class='ocrx_word' id='word_1_172' title='bbox 511 2399 656 2480; x_wconf 85' lang='lat' dir='ltr'><strong>promisse</strong></span> <span class='ocrx_word' id='word_1_173' title='bbox 678 2399 788 2479; x_wconf 88' lang='lat' dir='ltr'><strong>parenti</strong></span> <span class='ocrx_word' id='word_1_174' title='bbox 835 2407 836 2410; x_wconf 75' lang='grc'>’</span> <span class='ocrx_word' id='word_1_175' title='bbox 917 2411 929 2422; x_wconf 75' lang='grc'><strong>“</strong></span> 
     </span>
    </p>

    <p class='ocr_par' dir='ltr' id='par_1_6' title="bbox 1 2483 898 2564">
     <span class='ocr_line' id='line_1_27' title="bbox 1 2483 898 2564; baseline -0.008 -15"><span class='ocrx_word' id='word_1_176' title='bbox 1 2523 2 2526; x_wconf 60' lang='lat'><em>=</em></span> <span class='ocrx_word' id='word_1_177' title='bbox 64 2487 226 2549; x_wconf 82' lang='lat' dir='ltr'><strong>Discedens</strong></span> <span class='ocrx_word' id='word_1_178' title='bbox 248 2485 400 2561; x_wconf 89' lang='lat' dir='ltr'><strong>dederam,</strong></span> <span class='ocrx_word' id='word_1_179' title='bbox 431 2505 569 2546; x_wconf 44' lang='lat' dir='ltr'><strong>cumlme</strong></span> <span class='ocrx_word' id='word_1_180' title='bbox 591 2483 760 2564; x_wconf 83' lang='lat' dir='ltr'><strong>complexus</strong></span> <span class='ocrx_word' id='word_1_181' title='bbox 782 2491 898 2542; x_wconf 90' lang='lat' dir='ltr'><strong>euntem</strong></span> 
     </span>
    </p>

    <p class='ocr_par' dir='ltr' id='par_1_7' title="bbox 1 2571 1020 2825">
     <span class='ocr_line' id='line_1_28' title="bbox 1 2571 1020 2652; baseline -0.007 -16"><span class='ocrx_word' id='word_1_182' title='bbox 1 2579 2 2622; x_wconf 66' lang='lat' dir='ltr'><strong>t</strong></span> <span class='ocrx_word' id='word_1_183' title='bbox 64 2575 191 2636; x_wconf 81' lang='lat' dir='ltr'><strong>Mitteret</strong></span> <span class='ocrx_word' id='word_1_184' title='bbox 212 2572 241 2632; x_wconf 87' lang='lat' dir='ltr'><strong>iu</strong></span> <span class='ocrx_word' id='word_1_185' title='bbox 263 2589 403 2652; x_wconf 81' lang='lat' dir='ltr'><strong>maguum</strong></span> <span class='ocrx_word' id='word_1_186' title='bbox 426 2571 597 2651; x_wconf 80' lang='lat' dir='ltr'><strong>imperium,</strong></span> <span class='ocrx_word' id='word_1_187' title='bbox 625 2579 818 2650; x_wconf 85' lang='lat' dir='ltr'><strong>metuensque</strong></span> <span class='ocrx_word' id='word_1_188' title='bbox 838 2576 969 2634; x_wconf 86' lang='lat' dir='ltr'><strong>moneret</strong></span> <span class='ocrx_word' id='word_1_189' title='bbox 1017 2615 1020 2622; x_wconf 61' lang='grc'>,</span> 
     </span>
     <span class='ocr_line' id='line_1_29' title="bbox 66 2654 1010 2736; baseline -0.01 -15"><span class='ocrx_word' id='word_1_190' title='bbox 66 2655 156 2720; x_wconf 77' lang='lat' dir='ltr'><strong>Aroes</strong></span> <span class='ocrx_word' id='word_1_191' title='bbox 179 2675 246 2719; x_wconf 87' lang='lat' dir='ltr'><strong>esse</strong></span> <span class='ocrx_word' id='word_1_192' title='bbox 268 2657 362 2730; x_wconf 88' lang='lat' dir='ltr'><strong>vires,</strong></span> <span class='ocrx_word' id='word_1_193' title='bbox 395 2675 463 2717; x_wconf 90' lang='lat' dir='ltr'><strong>cum</strong></span> <span class='ocrx_word' id='word_1_194' title='bbox 485 2655 556 2716; x_wconf 92' lang='lat' dir='ltr'><strong>dura</strong></span> <span class='ocrx_word' id='word_1_195' title='bbox 579 2655 688 2736; x_wconf 86' lang='lat' dir='ltr'><strong>proelia</strong></span> <span class='ocrx_word' id='word_1_196' title='bbox 710 2663 803 2732; x_wconf 85' lang='lat' dir='ltr'><strong>gente.</strong></span> <span class='ocrx_word' id='word_1_197' title='bbox 842 2662 868 2695; x_wconf 62' lang='lat'><strong>=&#39;</strong></span> <span class='ocrx_word' id='word_1_198' title='bbox 1005 2654 1010 2662; x_wconf 76' lang='grc'><em>’</em></span> 
     </span>
     <span class='ocr_line' id='line_1_30' title="bbox 65 2739 859 2825; baseline -0.008 -19"><span class='ocrx_word' id='word_1_199' title='bbox 65 2745 100 2806; x_wconf 89' lang='lat' dir='ltr'><strong>Et</strong></span> <span class='ocrx_word' id='word_1_200' title='bbox 121 2763 202 2806; x_wconf 90' lang='lat' dir='ltr'><strong>nunc</strong></span> <span class='ocrx_word' id='word_1_201' title='bbox 224 2741 272 2804; x_wconf 89' lang='lat' dir='ltr'><strong>ille</strong></span> <span class='ocrx_word' id='word_1_202' title='bbox 294 2743 413 2825; x_wconf 90' lang='lat' dir='ltr'><strong>quidem</strong></span> <span class='ocrx_word' id='word_1_203' title='bbox 435 2762 488 2824; x_wconf 89' lang='lat' dir='ltr'><strong>spe</strong></span> <span class='ocrx_word' id='word_1_204' title='bbox 509 2742 633 2804; x_wconf 87' lang='lat' dir='ltr'><strong>multum</strong></span> <span class='ocrx_word' id='word_1_205' title='bbox 657 2751 759 2823; x_wconf 86' lang='lat' dir='ltr'><strong>captus</strong></span> <span class='ocrx_word' id='word_1_206' title='bbox 782 2739 859 2802; x_wconf 86' lang='lat' dir='ltr'><strong>inani</strong></span> 
     </span>
    </p>
   </div>
   <div class='ocr_carea' id='block_1_4' title="bbox 1 2965 1112 3260">
    <p class='ocr_par' dir='ltr' id='par_1_8' title="bbox 1 2965 1112 3260">
     <span class='ocr_line' id='line_1_31' title="bbox 1 2965 1111 3048; baseline -0.011 -13"><span class='ocrx_word' id='word_1_207' title='bbox 1 2989 2 2994; x_wconf 78' lang='grc'>’</span> <span class='ocrx_word' id='word_1_208' title='bbox 64 2976 187 3048; x_wconf 72' lang='lat' dir='ltr'><strong>tutiqttt]</strong></span> <span class='ocrx_word' id='word_1_209' title='bbox 201 2965 578 3046; x_wconf 52' lang='lat' dir='ltr'><strong>-Jffiquisolueetcmcdp</strong></span> <span class='ocrx_word' id='word_1_210' title='bbox 604 2973 674 3041; x_wconf 71' lang='lat' dir='ltr'><strong>uide.</strong></span> <span class='ocrx_word' id='word_1_211' title='bbox 695 2995 730 3022; x_wconf 71' lang='grc' dir='ltr'><strong>ε.-</strong></span> <span class='ocrx_word' id='word_1_212' title='bbox 749 2993 844 3039; x_wconf 81' lang='lat' dir='ltr'><strong>senex,</strong></span> <span class='ocrx_word' id='word_1_213' title='bbox 872 2975 923 3041; x_wconf 68' lang='lat' dir='ltr'><strong>egl.</strong></span> <span class='ocrx_word' id='word_1_214' title='bbox 946 2977 969 3036; x_wconf 75' lang='lat'><strong>8,</strong></span> <span class='ocrx_word' id='word_1_215' title='bbox 990 2971 1052 3042; x_wconf 78' lang='lat' dir='ltr'><strong>aua]</strong></span> <span class='ocrx_word' id='word_1_216' title='bbox 1076 2972 1111 3014; x_wconf 74' lang='lat'><strong>-&#39;</strong></span> 
     </span>
     <span class='ocr_line' id='line_1_32' title="bbox 1 3041 1110 3134; baseline -0.009 -29"><span class='ocrx_word' id='word_1_217' title='bbox 1 3069 2 3086; x_wconf 63' lang='lat'>¹</span> <span class='ocrx_word' id='word_1_218' title='bbox 52 3051 117 3134; x_wconf 38' lang='lat' dir='ltr'><strong>‘blm</strong></span> <span class='ocrx_word' id='word_1_219' title='bbox 135 3048 231 3116; x_wconf 67' lang='lat' dir='ltr'><strong>humet.</strong></span> <span class='ocrx_word' id='word_1_220' title='bbox 250 3047 359 3131; x_wconf 48' lang='lat'><strong>(11316,</strong></span> <span class='ocrx_word' id='word_1_221' title='bbox 378 3047 455 3110; x_wconf 67' lang='lat' dir='ltr'><strong>(little</strong></span> <span class='ocrx_word' id='word_1_222' title='bbox 482 3041 578 3125; x_wconf 75' lang='lat' dir='ltr'><strong>rdpcip</strong></span> <span class='ocrx_word' id='word_1_223' title='bbox 600 3043 915 3126; x_wconf 56' lang='lat' dir='ltr'><strong>Parrhneicssvendre,</strong></span> <span class='ocrx_word' id='word_1_224' title='bbox 941 3042 1039 3107; x_wconf 63' lang='lat' dir='ltr'><strong>«bintus</strong></span> <span class='ocrx_word' id='word_1_225' title='bbox 1060 3044 1110 3097; x_wconf 73' lang='lat' dir='ltr'><strong>aar</strong></span> 
     </span>
     <span class='ocr_line' id='line_1_33' title="bbox 64 3107 1112 3260; baseline -0.01 -20"><span class='ocrx_word' id='word_1_226' title='bbox 64 3112 399 3254; x_wconf 61' lang='lat' dir='ltr'><strong>retutemus</strong></span> <span class='ocrx_word' id='word_1_227' title='bbox 412 3113 577 3255; x_wconf 54' lang='lat' dir='ltr'><strong>stult</strong></span> <span class='ocrx_word' id='word_1_228' title='bbox 603 3107 1112 3260; x_wconf 55' lang='lat' dir='ltr'><strong>mecumtecum-„ettii</strong></span> 
     </span>
    </p>
   </div>
   <div class='ocr_carea' id='block_1_5' title="bbox 0 0 1224 3630">
    <p class='ocr_par' dir='ltr' id='par_1_9' title="bbox 0 0 1224 3630">
     <span class='ocr_line' id='line_1_34' title="bbox 0 0 1224 3630; baseline 0 0"><span class='ocrx_word' id='word_1_229' title='bbox 0 0 1224 3630; x_wconf 95' lang='lat' dir='ltr'><strong> </strong></span> 
     </span>
    </p>
   </div>
  </div>
 </body>
</html>
