2416 3634
304 213 389 272 neb.
406 213 523 271 menn
538 212 597 267 τη.
615 229 641 268 v.
659 193 814 270 ria-nc.
867 179 869 182 ’
933 227 939 234 -
1009 205 1023 306 J

53 359 184 440 Quosque
206 373 311 418 secans
334 353 491 416 infaustum
514 353 640 416 interluit
661 353 734 418 Allia
756 375 876 418 nomen:

51 444 136 516 Quam
158 440 242 503 multi
264 439 373 523 libyco
395 439 550 502 volvuntur
571 460 715 502 marmore
737 441 859 517 lluctus,

50 530 154 592 Saevus
175 526 226 588 ubi
249 525 338 602 Orion
361 525 491 588 bibernis
511 525 645 586 conditur
667 527 768 600 undis,

50 616 97 676 Vel
116 633 182 676 cum
204 611 269 674 sole
291 631 367 674 novo
390 610 498 673 densae
519 619 663 672 torrentur
684 614 795 675 aristae.

50 701 100 762 Aut
120 698 218 760 llermi
240 714 345 778 campo
367 705 417 758 aut
438 696 735 780 Lydae-flaventibus
756 697 858 760 arvis.'

50 785 130 848 Scuta
152 791 256 846 sonant
277 783 425 864 pulsuque
446 781 554 864 pedum
576 784 670 844 tremit
692 784 783 844 excita
805 782 902 844 tellus.

128 871 202 930 llinc
222 869 485 948 Agamemnonius,
515 869 631 928 Troiani
653 870 779 930 nominis
793 867 910 939 bostis,

50 955 137 1016 Curru
160 953 254 1035 iungit
275 953 418 1016 Halaesus
440 973 533 1035 equos
556 953 711 1037 Turnoque
733 954 845 1016 lerooes

50 1041 122 1102 blille
143 1041 217 1123 rapit
238 1039 381 1122 populna,
411 1035 533 1100 vertunt
548 1039 641 1100 felicia
663 1039 779 1120 Baccho
883 1089 887 1096 .

51 1126 166 1188 llassiea
188 1125 240 1207 qui
262 1125 380 1198 rastris,
412 1133 440 1186 et
462 1143 537 1206 quos
558 1123 594 1185 de
615 1125 742 1188 collibus
763 1124 829 1186 altis

51 1213 169 1274 lurunci
190 1212 297 1278 misere
318 1219 413 1292 patres
435 1209 619 1292 Sidicinaque
641 1211 719 1272 iuxta
786 1225 805 1271 .“

50 1299 192 1380 Aequora,
221 1296 332 1378 quique
354 1295 440 1358 Cales
463 1295 612 1377 linquunt,
642 1297 795 1376 amnisque
817 1292 917 1360 undosi

49 1383 150 1445 Accola
171 1381 321 1454 Vulturni,
348 1381 515 1463 pariterque
537 1379 683 1444 Saticulus
704 1399 790 1461 asper
831 1437 832 1442 ,
904 1406 907 1412 “
972 1384 977 1402 “

52 1468 249 1552 Oscorumque
271 1485 387 1529 manus.
430 1467 546 1528 Teretes
568 1475 637 1528 sunt
658 1465 777 1544 aclydes
800 1464 857 1526 illis
914 1539 916 1548 Ι
1025 1471 1086 1524 tat

50 1553 126 1630 Tela3
155 1553 206 1616 sed
229 1553 301 1614 baec
323 1552 487 1614 lento'mos
509 1560 554 1613 est
575 1560 674 1634 aptare
696 1549 823 1631 flagello.

52 1638 160 1702 laevas«
174 1648 270 1700 caetra
291 1637 377 1718 tegit3
407 1637 501 1698 lalcati
526 1633 694 1700 comminus*
713 1655 810 1699 enses

28 1732 31 1736 ’
129 1722 189 1786 Nec
210 1733 241 1786 tu
263 1723 441 1794 carminibus
463 1724 572 1785 nostris
594 1723 719 1785 indictus
742 1721 851 1792 abibis,

58 1808 167 1885 Oebale,
197 1827 285 1894 quem
308 1827 465 1889 generasse
488 1809 574 1868 Telon
597 1808 751 1870 Sebethide
772 1805 899 1890 nympha

54 1894 159 1970 Fertur,
190 1895 347 1956 Teleboum
368 1895 495 1976 Capreas
518 1915 586 1954 cum
608 1915 698 1975 regna
719 1903 842 1970 teneret,
1026 1895 1086 1948 ⁷³⁶

52 1977 103 2040 lam
125 1981 237 2055 seniora
266 1981 366 2062 patriis
389 1976 441 2044 sed
463 2001 520 2040 non
542 1980 670 2043 et'lilius
692 1980 771 2042 arvis
1006 1981 1012 1986 “

50 2065 203 2128 Contentus
227 2065 283 2126 late
305 2067 362 2126 iam
384 2074 446 2128 tum
470 2065 582 2126 dicione
604 2067 753 2148 premebat

49 2150 191 2215 Sarrastes
214 2151 339 2234 populos
360 2161 389 2212 et
410 2147 487 2233 quae
509 2152 586 2232 rigat
606 2165 735 2233 aequora
757 2150 883 2218 Sarnus,

49 2235 161 2319 Quique
182 2231 505 2319 llulrasBatulumque
526 2246 623 2298 teuent
644 2245 730 2320 atque
752 2255 821 2299 arva
835 2231 996 2302 ¹Celenuae,

49 2321 79 2382 Et
98 2342 175 2405 quos
198 2322 345 2396 maliferae
365 2323 534 2404 despectant
556 2325 669 2387 moenia
690 2319 820 2382 Abellae:
1024 2323 1087 2378 tto

51 2407 202 2484 Teutonico
224 2409 280 2469 ritu
304 2409 538 2492 soiitittorquere
560 2409 683 2483 cateias3
1056 2447 1058 2452 -

51 2493 185 2572 Tegmina
207 2496 275 2576 quis
296 2495 422 2576 capitum
445 2504 546 2578 raptos
569 2494 605 2556 de
627 2494 733 2568 subere
755 2499 868 2565 cortex,

51 2578 224 2662 deletaeque
246 2581 353 2641 micant
374 2580 485 2662 peltae,
508 2581 601 2642 'micat
623 2597 725 2640 aereus
747 2577 837 2640 ensis.

127 2663 164 2726 Et
185 2675 214 2737 te
236 2676 388 2727 montosae
410 2668 516 2742 mis'ere
530 2667 567 2728 ,in
590 2665 699 2747 proelia
718 2662 841 2735 Nersae,
976 2717 1004 2750 v„

46 2747 148 2825 vilicos,
181 2751 324 2832 insignem
347 2751 422 2812 lama
443 2762 473 2812 et
495 2750 628 2833 felicibus
651 2750 752 2811 armis:
821 2752 827 2760 “
1026 2751 1088 2804 eta

53 2831 347 2918 Horrida'praecipue
370 2839 418 2898 cui
440 2857 513 2917 gens
536 2847 711 2916 assuetaque
734 2834 824 2896 multo

53 2917 154 2984 leuato
176 2943 344 3002 nemorum,
363 2923 456 3000 duris
476 2921 634 3018 Aequicula
656 2920 775 3008 glebis..=
819 2925 820 2930 ’
866 2927 867 2930 ’

55 3069 106 3126 tls.
123 3093 277 3141 marmore,
295 3047 355 3144 ib,
373 3075 436 3146 ate]
450 3107 484 3118 —
495 3073 554 3128 720.
567 3107 616 3146 7--
632 3075 691 3128 725.
715 3073 787 3144 rapit
802 3095 836 3120 =
853 3070 952 3139 raptim
964 3055 1084 3142 adducit]
1133 3061 1136 3071 ’

56 3143 107 3196 acle
117 3147 203 3212 uero,
217 3145 424 3216 bidtt.=primn
436 3143 553 3214 aestate]
581 3143 639 3200 ill.
663 3143 752 3208 soliti,
771 3143 805 3198 im
817 3141 926 3198 memte.
941 3137 1032 3209 gleitbl·
1046 3139 1087 3194 cle
