2434 3634
139 289 148 298 „
306 254 517 310 acuamus
534 253 581 308 rr.
600 241 795 314 §.nc-eoa.
829 218 834 230 ’

40 394 110 472 Ergo
131 411 234 454 omnes
257 412 365 474 magno
387 387 498 456 eiacurn
520 385 648 469 electore
669 396 846 469 fremebant,
992 426 994 434 ι

41 479 195 560 Praecipue
217 479 285 559 pius
306 481 428 542 Aeneas.
464 480 547 542 ,Tum
568 481 648 541 iussa
671 481 812 563 Sibyllae,
863 546 868 554 ,

41 565 118 624 Haud
140 585 240 640 mora,
271 564 407 626 festinent
427 567 543 637 flentes,
574 583 719 648 eramque
735 568 862 648 sepulcri

42 649 199 730 Congerere
211 649 376 712 arboribus
398 651 539 735 caeloque
561 651 687 726 educere
709 661 829 714 certent.

41 735 123 793 ltur'
115 756 143 794 rn
168 735 314 834 antiquem
338 736 457 828 silvam,
487 735 602 797 stabula
624 721 680 797 alta
704 737 845 799 lerarum·

42 819 235 880 Procumbunt
257 822 382 900 piceae,
403 831 487 882 sonat
508 823 564 880 iota
588 821 743 884 securibus
766 819 837 895 ilex,
868 826 873 834 '

42 905 250 986 fraxineaeque
272 906 369 968 trabes
391 907 494 967 cuneis
516 912 554 966 et
565 906 656 967 fissile
678 909 782 968 robur

43 989 212 1065 Scinditur,
229 990 385 1052 advolvunt
406 995 539 1070 ingentes
561 993 709 1080 montibus
732 1014 831 1055 ornos.

20 1075 94 1136 -llec
115 1096 174 1136 non
195 1076 308 1138 Aeneas
330 1095 417 1157 opera
440 1080 514 1136 inter
534 1077 602 1137 talia
626 1055 737 1158 pridrus

41 1162 171 1221 Hortatur
191 1162 291 1224 socios
302 1153 493 1243 paribusque
515 1163 676 1241 accingitur
698 1167 796 1228 armis.

42 1250 127 1327 Atque
149 1245 254 1306 hoec
245 1266 308 1328 rpse
331 1266 387 1308 suo
409 1248 481 1308 tristi
504 1267 573 1308 curn
596 1249 684 1309 eorde
705 1251 829 1319 volutat,

41 1335 192 1413 llspectans
207 1331 351 1408 ιείΙιιιιιι
342 1351 530 1405 immensam,
559 1343 588 1393 et
610 1334 653 1394 sic
675 1333 747 1395 lorte
768 1344 916 1416 precatur.

43 1415 68 1476 Si
91 1437 167 1477 nunc
189 1435 223 1478 se
245 1417 331 1478 nobis
353 1417 402 1477 ille
424 1437 532 1479 aureus
554 1418 659 1478 erbore
681 1439 781 1480 ramus
809 1435 811 1442 ’

44 1502 176 1563 Ostendat
198 1522 318 1564 nemore
340 1503 368 1562 in
380 1501 486 1562 'rtanto
516 1504 634 1584 quondo
658 1506 755 1565 ornriia
778 1523 846 1565 vere

43 1588 100 1646 Heu
122 1588 245 1647 nimium
268 1589 304 1647 de
326 1597 468 1661 teretes,
498 1589 625 1659 Miseno,
657 1589 826 1658 locutaest.
891 1633 893 1638 -

44 1672 91 1731 vix
111 1691 142 1732 ea
166 1673 243 1734 letus
266 1682 342 1744 erat,
372 1675 528 1752 geminae
526 1694 594 1732 curn
618 1674 691 1749 lorte
714 1675 867 1738 columbae
912 1714 914 1722 ·

45 1757 104 1834 lpse
124 1757 179 1819 sub
204 1778 256 1820 ore
279 1759 333 1818 viri
356 1759 438 1819 caelo
462 1779 567 1819 venere
590 1761 741 1858 volentes,

51 1841 82 1899 Et
100 1843 184 1906 viridi
199 1843 302 1904 sedere
324 1844 398 1906 solo.
433 1843 515 1904 Turn
538 1845 682 1907 maximus
705 1846 792 1908 beros

46 1926 178 1990 lllalernas
202 1917 352 2026 agnoscit
356 1948 426 1990 aves
449 1920 601 2010 laetusque
622 1941 772 2012 precatur:

45 2012 106 2072 Este
126 2012 234 2085 duces,
265 2034 322 2086 o,
316 2015 354 2075 si
372 2035 436 2094 que
459 2016 504 2074 via
528 2025 587 2088 est,
618 2035 797 2096 cursumque
819 2036 872 2098 per
892 2033 979 2078 eures

46 2095 185 2178 llirigite''
178 2120 207 2158 ιιι
231 2099 330 2171 lucos,
361 2100 410 2160 ubi
433 2101 571 2180 pinguem
595 2101 676 2162 dives
698 2111 802 2182 opacat

44 2182 146 2245 Romus
168 2171 302 2244 humum.
346 2185 462 2264 Tuque,
492 2205 527 2257 o,
556 2185 653 2247 dubiis
676 2207 712 2246 ne
735 2187 825 2247 defice
847 2185 951 2258 rebus,

44 2269 106 2327 lliva
128 2288 245 2350 parens,
290 2268 339 2330 Sic
361 2269 466 2331 ellatus
488 2269 624 2349 vestigia
634 2273 755 2351 pressit,

45 2353 221 2423 Observans,
253 2374 328 2434 quae
350 2356 433 2434 signa
456 2351 561 2426 lerant,
591 2375 649 2436 quo
670 2356 787 2416 tendere
809 2363 972 2436 pergent.
1016 2417 1023 2436 ,
1087 2371 1090 2378 ’
1136 2379 1147 2387 ·

44 2437 192 2500 Pascentes
214 2438 282 2499 illae
303 2448 414 2500 tautum
436 2440 552 2520 prodire
574 2441 714 2511 volendo,

44 2522 181 2592 Quantum
205 2525 270 2584 ecio
292 2529 411 2605 possent
433 2525 511 2585 oculi
534 2545 651 2586 servare
673 2535 855 2608 sequentum.
956 2523 959 2542 ¹

43 2607 102 2668 lnde
125 2609 176 2674 ubi
201 2628 307 2669 venere
330 2610 365 2669 ed
388 2611 487 2672 lauces
511 2611 704 2689 graveolentis
726 2611 846 2682 Averni,

45 2693 149 2754 Tollunt
164 2713 205 2764 se
228 2691 354 2764 celeres,
384 2695 584 2776 liquidumque
606 2716 659 2775 per
680 2705 745 2756 cere
769 2695 896 2776 lapsae

46 2776 161 2842 Sedibus
185 2781 293 2860 optetis
316 2781 431 2859 gemino
452 2800 542 2861 super
564 2783 668 2848 arbore
692 2781 804 2851 sidunt,

48 3007 214 3064 insidiis:
249 2997 477 3077 circumventum,
503 3016 554 3082 egl.
582 3017 630 3069 bod
653 3014 729 3065 forte
754 3025 803 3069 ton
826 3013 861 3068 Β.
887 3011 949 3062 10οι
978 3005 1098 3075 pufddlg,

47 3080 212 3140 0000-
243 3079 303 3133 177.
335 3097 413 3134 erem
437 3099 495 3150 rep.
519 3081 764 3149 :pernoctent
793 3097 848 3136 ιι.
906 3081 978 3131 cit
1006 3079 1098 3141 000Β

45 3077 212 3268 ‘magd’
224 3145 283 3201 lte
303 3141 389 3213 coelo,
410 3151 427 3216 Ῐ
446 3155 470 3214 0,
469 3101 554 3217 ι’080]
580 3147 685 3218 ιι]
651 3147 773 3202 003
800 3117 914 3230 optatio,
949 3142 1028 3198 odini.
1059 3141 1096 3192 ob

189 3215 278 3314 forle,
308 3218 356 3270 tull
386 3217 476 3285 illem
507 3221 554 3282 eof
577 3215 752 3287 AeneeJ*
716 3216 887 3284 *gemino
911 3215 956 3279 (=
980 3209 1137 3278 duplex)
