2418 3640
260 241 779 324 ‘nnunrnnurneroo-rcr.
850 314 855 322 x
922 231 969 329 ¹:
1016 209 1090 334 'nt

15 441 16 447 ,
38 387 117 466 lgnari
136 385 284 447 scelerum
306 394 451 445 tantorum
473 375 602 466 artisque
624 381 773 464 Pelasgae.

37 472 210 554 Prosequitur
230 471 380 552 pavitans,
410 481 439 530 et
459 471 528 531 licto
551 473 666 552 pectore
690 473 773 533 latur.

106 557 197 640 Saepo
220 557 321 636 lugam
345 557 434 617 llanai
456 544 539 617 Troilo
562 557 681 638 cupiere
694 557 803 632 ,relicta

36 642 115 702 Moliri
135 652 163 702 et
177 642 276 722 'longo
298 641 368 703 fessi
391 641 657 721 discedere-belim
955 687 957 692 ,

38 719 226 810 lecissenlque
244 726 368 788 utinam!
392 727 487 810 Saepe
509 727 575 789 illos
597 747 700 810 aspera
722 729 803 810 ponti
1013 739 1073 788 rte

38 813 183 875 interclusit
206 813 316 884 hiems,
346 823 374 873 et
396 814 497 874 terruit
518 813 624 876 Auster
645 824 757 876 euntes.

38 897 196 980 Praecipue,
211 913 288 958 ‘curn
311 899 369 960 iam
391 899 439 959 bic
458 899 592 960 trabibus
614 908 766 964 contextus
788 900 903 960 acernis

37 983 116 1046 Staret
137 1003 250 1066 equus,
280 993 342 1045 totu
355 994 527 1047 'sonuerunt
549 983 668 1046 aethere*
686 985 786 1045 nimbi.
809 1025 815 1033 α

37 1068 163 1150 Suspensi
186 1069 366 1152 Eurypylum
391 1072 550 1132 scitantem·
567 1071 685 1132 oracula
709 1070 819 1132 Phoebi

36 1154 175 1225 Mittimus,
207 1156 293 1236 isque
316 1155 408 1237 adytis
431 1155 504 1219 haec
526 1157 618 1218 tristia
642 1156 718 1218 dicta
741 1164 886 1238 reportat:

36 1239 168 1321 Sanguine
190 1240 330 1322 placastis
352 1251 454 1303 ventos
476 1251 504 1302 et
526 1243 638 1322 virgine
660 1261 761 1318 caesa,
783 1259 787 1270 ’

37 1326 97 1386 Cum
118 1327 244 1408 primum
267 1327 386 1402 iliacas,
415 1328 522 1401 Danai,
553 1329 674 1390 venistis
697 1328 734 1388 ad
757 1346 840 1388 oras:
870 1341 872 1344 ·

36 1409 169 1491 Sanguine
191 1411 348 1493 quaerendi
366 1408 497 1486 reditus,
528 1415 684 1494 animaque
707 1411 848 1472 litandum

35 1498 165 1574 Argolica.
213 1496 299 1577 Vulgi
322 1517 399 1580 quae
420 1519 477 1566 yon
499 1507 532 1558 ut
554 1500 632 1560 venit
654 1499 691 1560 ad
713 1511 817 1568 auree,
918 1549 923 1554 .
972 1521 975 1535 ·

34 1581 206 1666 Obstupuere
227 1584 332 1656 animi,
361 1583 537 1666 gelidusque
559 1605 612 1666 per
634 1586 692 1646 ima
712 1583 846 1644 cucurrit

34 1667 98 1728 Ossa
119 1679 242 1746 tremor,
273 1670 322 1729 cui
345 1669 539 1752 inteperent,
570 1691 657 1752 quern
680 1679 783 1752 poscat
805 1667 915 1752 Apollo.

34 1753 79 1812 llic
99 1754 215 1816 ltbacus
237 1764 333 1816 vatem
355 1775 463 1836 magno
485 1755 642 1817 Calchanta
664 1755 791 1816 tumultu
956 1759 960 1762 ’

34 1835 165 1902 Protrahit
187 1841 217 1900 in
241 1839 370 1916 medi0s3
400 1835 476 1924 quae
498 1839 556 1903 sint
579 1861 612 1902 ea
635 1843 755 1903 numina
778 1840 894 1917 divum,

33 1923 150 2004 flagitat.
196 1925 232 1985 Et
255 1925 325 1986 mihi
348 1927 405 1988 iam
429 1927 513 1988 morlti
536 1927 655 1988 crudele
677 1926 819 1989 canebant

33 2007 144 2072 lrtiticis
166 2011 282 2093 scelus,
295 2020 342 2095 „et
361 2013 581 2074 taciti'ventura
596 2013 749 2074 'videbant
805 2047 808 2052 ·
838 2035 841 2039 ’

32 2093 73 2155 llis
94 2097 202 2178 quinos
224 2097 291 2158 silet
313 2097 463 2172 inedies,
492 2108 647 2180 tectusque
669 2107 787 2160 recusat

34 2178 150 2264 Prodere
173 2201 248 2242 voce
270 2201 325 2244 sua
348 2203 527 2266 quemquam
549 2194 599 2251 aut
620 2203 767 2266 opponere
789 2181 883 2242 morti.

34 2263 229 2342 viulandum,
259 2271 376 2348 magnis
398 2269 488 2330 lthaci
512 2269 691 2332 elamoribus
714 2277 813 2337 actus,

34 2348 195 2434 Composito
218 2356 326 2435 rumpit
348 2369 465 2429 vocem,
494 2365 524 2416 et
545 2375 592 2418 me
615 2355 740 2417 destinat
762 2372 837 2414 erae.

31 2435 182 2500 Assensere
205 2458 322 2510 omnes,
353 2449 395 2515 et,
426 2461 502 2522 quae
525 2441 580 2502 sibi
603 2443 730 2524 quisque
752 2438 885 2534 timebat,

33 2519 114 2584 Unius
136 2525 167 2584 iu
191 2519 293 2587 miseri
311 2525 434 2602 „exitium
458 2540 610 2604 convorsa·
623 2527 726 2588 tulere.

32 2604 141 2690 lamque
163 2608 229 2672 dies
252 2609 370 2672 infanda
393 2609 506 2688 aderat3
536 2612 607 2672 mibi
630 2617 713 2674 sacra
736 2611 847 2693 parari,
873 2660 877 2668 .

31 2803 78 2860 lll.
90 2809 353 2878 euutes,bidtl.l.ire
364 2813 503 2876 volentem
517 2812 541 2877 io
568 2810 728 2880 Saguntinis
744 2813 864 2863 Romam
888 2803 993 2860 misoi‘
1005 2800 1081 2856 anxi-

31 2875 541 2948 limet-114.scitantem‚goucttrts
567 2881 636 2933 lium
652 2877 803 2948 orentes]
818 2907 852 2920 ·-
869 2872 927 2930 116.
947 2871 1021 2938 buttl)
1034 2875 1081 2926 bet

32 2945 542 3020 luctuosaetursunmmuonuu
568 2949 653 3069 >Upper
669 2951 712 3002 bot
729 2943 883 3015 subigente]
902 2975 937 2984 -
958 2940 1018 2995 121.
1038 2938 1082 2991 oui

31 3021 75 3076 ugr
87 3029 168 3083 orgen
183 3016 222 3070 tte
235 3014 341 3080 botoron
348 3015 541 3086 bonttdutttoo
567 3016 597 3070 fa
997 3075 1004 3089 ⁸
1022 3075 1030 3088 .

31 3079 108 3148 llltn);
120 3083 306 3152 ogtmnaear.
314 3087 338 3152 1,
349 3087 374 3151 2,
387 3087 435 3166 με
448 3084 542 3137 Alium
568 3085 625 3151 tur]
639 3115 674 3125 -
686 3083 744 3136 lta.
754 3083 892 3166 ‘canebant
902 3103 936 3162 ,Ξ
948 3083 1089 3132 venemo--

30 3139 1083 3290 tttctfthtttlrttltttl·ltttttc'tttlt?tttttt'lulti:

638 3025 735 3084 parent
746 3015 825 3070 nutui.
838 3014 901 3078 hoc,
914 3018 944 3065 nt
955 3008 1082 3062 immolo·
1141 3058 1144 3063 f
