2412 3630
300 216 383 274 anu.
401 173 517 274 dmm
533 209 637 274 mre
655 212 809 278 noe-ose.
894 275 898 282 x
929 239 931 250 ·
1021 225 1024 234 ·

124 358 233 420 Accidit
254 357 435 424 bacelossis
456 360 541 421 ctiam
565 360 676 420 iorturm
699 359 823 436 Latinis,
903 367 920 400 ²
952 383 956 390 ·

21 443 119 514 ·Quae
140 453 229 506 totam
251 444 331 506 luctu
354 447 502 507 concussit
524 445 654 507 funditus
676 445 787 506 urbem.
886 481 888 484 -

46 529 149 610 liegina
172 531 309 606 ut'tcctis
331 531 492 591 venientem
514 531 655 612 prospicit
672 530 801 605 bostem,
842 541 869 574 '-

44 616 144 678 incessi
168 633 286 690 muros,
315 616 399 695 ignes
420 611 552 678 adtenta
575 617 689 691 volare,

43 699 187 782 Nusquam
211 702 403 788 aciesucontra
425 701 564 774 Rutulas,
597 702 675 764 nulla
698 701 813 782 agmine
836 703 938 763 Terruit

43 784 138 846 lnlelix
159 805 278 869 pugnae
297 787 435 848 iuvenem
456 788 485 848 in
508 789 663 848 conamine
684 787 777 849 credit
944 863 962 876 „

43 871 229 946 distinctum,
259 880 302 947 et,
331 871 428 934 subito
449 883 574 933 mentem
596 873 708 934 turbata
731 872 848 948 dolore,
948 903 950 908 ·
1009 879 1016 898 ⁸

42 954 78 1016 Se
98 976 213 1020 oausam
236 957 340 1020 clamat
360 959 529 1039 crimenque
551 967 695 1039 caputque
717 960 875 1029 malorum,
905 985 907 996 =

43 1041 188 1124 Multaque
215 1062 268 1125 per
288 1043 574 1105 maestum·demons
596 1043 681 1104 effata
704 1043 847 1116 furorem,
914 1071 917 1078 ¹

44 1126 205 1209 Purpureos
226 1130 366 1190 moritura
388 1141 475 1190 manu
498 1128 632 1190 discindit
653 1130 791 1205 amictus
876 1163 889 1172 v·

43 1211 76 1272 Et
95 1213 202 1274 nodum
224 1213 354 1294 iniormis
376 1214 424 1275 leti
446 1215 528 1275 baba
550 1215 639 1274 nectit
659 1215 696 1275 ab
718 1214 783 1279 alta.

44 1296 132 1368 Quam
155 1298 268 1362 cladem
289 1300 588 1382 miserae‘postquam
610 1316 748 1381 accepere
769 1299 900 1371 Latinae,

42 1384 107 1444 Filia
128 1385 221 1466 prima
243 1405 331 1447 mauu
354 1386 445 1447 llcvos
467 1385 584 1446 Lavinia
606 1385 701 1454 crines
828 1399 831 1404 ‘

41 1468 74 1529 lit
93 1489 194 1532 roseas
216 1470 449 1550 laniatagenas,
481 1479 543 1530 turn
565 1479 659 1532 cetera
682 1470 793 1532 circum

41 1554 130 1616 Turba
152 1555 235 1632 lurit3
265 1565 402 1618 resonant
423 1556 480 1618 late
501 1556 692 1637 plangoribus
714 1555 812 1617 aedes.

41 1641 111 1701 Hinc
132 1649 226 1730 totauq
243 1641 340 1702 inielix
362 1641 498 1722 vulgatur
519 1642 594 1702 iarne
616 1661 668 1722 per
691 1643 802 1702 urbem.
864 1671 876 1723 s
979 1677 985 1686 ·

41 1723 192 1788 Demittunt
213 1736 339 1802 mentes3
370 1728 394 1787 it
409 1728 512 1788 scissa.
530 1736 612 1788 veste
634 1725 766 1802 Latium,

44 1812 180 1893 Coniugis
202 1813 338 1874 attonitus
360 1812 434 1874 iretis⁴
449 1812 589 1895 urbisque
611 1814 710 1886 ruina,
739 1835 741 1840 ·

42 1897 177 1959 Canitiem
198 1898 348 1958 immundo
368 1898 516 1980 perfusam
537 1897 658 1981 pulvere
678 1908 814 1979 turpans,

42 1981 186 2066 blulteque
208 2003 241 2045 se
263 1979 391 2056 incusat,
421 1984 550 2065 quinon
573 1985 716 2065 acceperit
737 1992 802 2044 ante

42 2067 211 2130 Dardanium
233 2069 349 2131 Aenean
371 2087 571 2150 generumque
592 2069 726 2130 asciverit
748 2069 834 2128 ultro.

122 2153 232 2215 interea
254 2164 382 2232 exuerim
403 2154 524 2215 bellator
546 2155 574 2213 in
597 2173 723 2235 aequore
745 2155 766 2212 T
769 2171 861 2214 urnus

41 2237 173 2302 Palantes
195 2241 326 2322 sequitur
347 2258 474 2321 paucos,
502 2239 560 2299 iarn
574 2239 707 2317 segnior,
736 2247 824 2318 atque
985 2313 988 2321 Ι

28 2323 96 2408 ΙΙειιῃ
117 2326 216 2386 minus
237 2334 326 2408 atque
348 2326 447 2386 minus
469 2341 610 2386 successu
634 2323 726 2384 laetus
748 2330 898 2405 equorum.

38 2409 234 2471 Attulit.bunc
254 2411 296 2470 illi
318 2411 414 2472 caecis
435 2409 592 2471 terroribus
614 2427 684 2470 aura

40 2495 232 2557 Commixtum
254 2491 426 2567 clamorem,
457 2505 640 2576 arrectasque
661 2493 776 2578 impulit
797 2511 884 2555 aures

40 2581 183 2644 Coniusee
205 2599 296 2644 sonus
318 2581 399 2643 urbis
417 2590 446 2642 et
468 2579 621 2642 illaetabile
642 2597 781 2641 murmur.

39 2666 91 2728 llei
112 2667 199 2741 mibi,
229 2667 299 2749 quid
316 2676 394 2728 tanto
415 2666 567 2728 turbantur
587 2664 699 2727 moenia
723 2662 839 2742 luctui,

38 2751 145 2823 Quisve
167 2753 223 2813 ruit
244 2762 340 2814 tantus
362 2752 476 2816 diversa
497 2753 607 2814 clamor
628 2752 665 2812 ab
688 2747 781 2812 urbei

39 2836 85 2898 Sic
106 2839 161 2912 ait,
191 2835 382 2921 adductisque
403 2841 510 2900 amens'
525 2837 658 2900 subsistit
681 2837 810 2898 babonis.

39 2925 128 3005 litque
149 2923 233 2996 huic,
266 2923 296 2984 in
315 2923 419 2984 iaciem
442 2943 528 2986 soror
550 2933 582 2983 ut
603 2935 741 2984 conversa
757 2920 867 2982 bletisci

39 3011 161 3090 Aurigae
184 3029 362 3092 currumque
384 3017 412 3070 et
433 3027 527 3090 equos
548 3018 577 3069 et
598 3008 661 3068 lora
685 3007 817 3085 regebat,

39 3091 152 3158 Talibus
173 3095 299 3158 occurrit
320 3095 418 3173 dietis:
461 3095 538 3169 Hae,
567 3094 676 3163 Turne,
706 3109 864 3174 sequamur

41 3179 229 3262 Troiugenas,
260 3181 431 3264 qua'prima
453 3179 671 3262 viam'vietorio
693 3176 805 3258 pandit3
