2412 3630
313 207 796 298 nanniannaxraraa-rtr.
1039 216 1104 282 1⁴9

60 351 202 434 Tyrrheni,
236 373 312 435 quae
333 361 409 414 tanta
431 353 537 415 animis
560 353 672 433 ignavia
696 351 793 414 venit?
962 421 965 428 Ἰ

60 437 166 499 Femina
181 438 309 520 palantes
331 441 499 521 agitatque
520 439 592 500 haee
614 440 728 518 agmina
751 435 854 499 vertit?

59 521 117 593 Ouo
137 525 246 586 ferrum
268 523 373 607 quidve
396 524 468 585 haec
489 526 619 604 gerimus
641 525 695 585 tela
718 525 796 594 irrita
820 523 949 594 dextris?
1031 534 1100 593 ’775

56 610 87 669 lt
107 631 161 670 non
185 611 213 670 in
236 611 376 672 Venerem
399 629 505 689 segnes
527 620 724 691 nocturnaque
747 609 821 670 bella

55 695 119 768 Aut,
154 695 204 755 ubi
227 713 317 757 curva
340 695 445 757 choros
469 695 568 756 indixit
589 697 658 756 tibia
672 695 804 769 Bacchi,

55 777 222 860 Exspectare
244 780 334 861 dapes
357 789 385 841 et
407 782 508 861 plenae
531 781 636 860 pocula
661 801 822 843 mensae·-

57 865 119 929 llic
125 887 221 937 amor
251 866 307 926 hoc
329 866 501 928 studium·
523 867 593 926 dum
616 887 698 928 sacre
721 866 870 928 secundus
893 866 1047 949 haruspex

54 948 179 1022 Nuntiet
209 972 245 1012 ac
266 952 349 1040 lucos
371 962 455 1013 voc'et
474 949 569 1014 lrostia
593 953 713 1032 pinguis
735 952 870 1014 inaltus.
1035 961 1100 1012 m

54 1037 127 1097 llaec
147 1033 294 1110 effatus
274 1058 381 1119 equum
403 1039 445 1096 in
455 1039 583 1108 medios,
615 1039 774 1098 moriturus
796 1047 824 1097 et
846 1040 968 1120 ipsa,

54 1121 178 1183 Concitet
200 1133 228 1183 et
250 1123 362 1184 Venulo
385 1122 539 1184 a'dversum
563 1141 595 1185 se
616 1123 750 1183 turbidus
773 1123 873 1196 inient,

54 1207 262 1308 Dereptumque
284 1209 320 1268 ab
338 1229 415 1290 equo
437 1209 535 1270 dextra
558 1208 781 1307 complectitur
782 1167 920 1280 hosteln,

53 1291 85 1352 lit
105 1295 248 1372 gremium
271 1303 336 1354 ante
357 1314 446 1355 suum
469 1295 559 1354 multa
582 1296 609 1354 vi
633 1296 765 1353 concitus
775 1286 889 1353 'aufert

52 1378 196 1440 Tollitur
187 1380 359 1440 incaelum
375 1381 499 1450 clamor,
530 1380 686 1462 cunctique
709 1379 799 1438 Latini
1036 1383 1099 1439 776

53 1463 222 1526 Convertere
243 1465 354 1530 oculos,
398 1465 513 1526 Volat
506 1485 610 1545 igneus
632 1485 759 1547 aequore
781 1463 927 1535 Tarchon,

51 1550 132 1610 Arma
155 1553 309 1632 virumque
331 1551 442 1624 lerens3
473 1559 532 1611 tum
556 1571 671 1612 summa
695 1549 789 1631 ipsius
804 1550 841 1610 ab
862 1549 946 1610 haste

52 1633 188 1716 Delringit
210 1636 319 1696 ferrum
341 1645 369 1697 et
392 1647 488 1716 partes
511 1637 633 1698 rimatur
654 1645 787 1718 apertas„

54 1719 113 1790 Qua
135 1721 243 1783 vulnus
266 1722 352 1783 letale
376 1722 461 1798 Teret3
495 1732 593 1783 contra
617 1722 666 1783 ille
688 1739 855 1803 repugnans
998 1792 1004 1804 ἱ

54 1805 177 1868 Sustinet
197 1827 213 1866 a
237 1807 339 1888 iugulo
362 1808 504 1880 dextram
536 1817 563 1868 et
585 1809 644 1868 vim
667 1809 780 1869 viribus
802 1808 868 1866 exit.
1037 1813 1098 1864 770

53 1891 142 1975 thue
164 1892 265 1954 volans
288 1894 344 1953 alta
367 1904 481 1974 raptum
503 1909 571 1954 cum
593 1895 672 1955 fulva
696 1894 851 1968 draconem

53 1977 112 2038 Fert
133 1978 230 2060 aquile
254 1979 452 2080 implicuitque
474 1979 565 2061 pedes
587 1990 673 2062 atque
696 1979 846 2058 unguibus
868 1976 974 2054 haesit3

53 2061 173 2138 Saucius
196 2073 223 2124 at
247 2084 369 2145 serpens
391 2068 513 2128 sinuosa
536 2065 683 2126 volumina
707 2073 820 2134 versat,

54 2150 233 2249 llrrectisque
256 2149 355 2211 horret
377 2153 508 2233 squamis
530 2160 558 2210 et
580 2151 675 2211 sibilat
699 2171 764 2220 ore,
896 2145 897 2148 ’

31 2233 194 2297 'Arduus'
187 2255 358 2316 insurgens3
389 2238 439 2297 illa
461 2236 538 2297 haud
562 2237 661 2304 minus
683 2243 788 2313 urguet
809 2232 926 2293 obunco
1038 2239 1099 2290 756

50 2319 214 2381 Luctantem
236 2331 345 2396 rostr03
376 2323 464 2384 simul
486 2321 603 2384 aethera
626 2318 759 2382 verberat
780 2319 849 2379 alis·

50 2405 140 2466 llaud
154 2407 236 2467 aliter
258 2407 393 2489 praedam
417 2409 568 2468 Tiburtum
591 2427 626 2481 ex
647 2407 763 2486 agmine
785 2402 915 2464 Tarchon

50 2490 145 2552 Portet
168 2512 269 2554 ovans.
285 2494 405 2556 Ducis
429 2494 593 2575 exemplum
616 2503 810 2572 eventumque
832 2489 926 2550 secuti

49 2575 215 2639 Maeonidae
237 2579 398 2640 incurrunt.
443 2581 515 2638 Tum
540 2579 604 2641 letis
626 2578 741 2639 debitus
763 2578 874 2637 Arruns

50 2661 180 2724 Velocem
203 2664 299 2724 iaculo
321 2674 349 2725 et
371 2665 460 2726 multa
483 2666 561 2745 prior
582 2675 643 2726 arte
666 2661 829 2726 Camillam
947 2689 953 2696 ·
976 2685 979 2696 ·
1040 2665 1101 2716 777)

50 2746 171 2821 Circuit,
202 2758 246 2822 et,
277 2752 413 2832 quaesit
436 2751 549 2811 fortuna
573 2751 725 2822 facillima
755 2757 852 2810 tentat.

50 2832 110 2905 Qua
133 2856 167 2898 se
189 2856 317 2917 cumque
339 2837 439 2898 lurens
462 2835 558 2918 medio
579 2837 645 2896 tulit
666 2837 782 2915 agmine
803 2836 902 2914 virgo,

49 2919 107 2981 llac
127 2923 240 2983 Arruns
263 2923 342 2983 subit
364 2932 392 2983 et
414 2924 518 2984 tacitus
542 2922 663 3000 vestigia
686 2921 803 2995 lustrat;

52 3003 112 3075 Qua
135 3007 237 3067 victrix
259 3009 333 3068 redit
355 3007 403 3068 illa
427 3008 590 3090 pedemque
611 3027 647 3067 ex
669 3006 753 3068 hoste
775 3011 916 3084 reportat,

50 3117 124 3176 ndmt.
144 3121 205 3178 7777
223 3121 474 3206 cuteufflroubeh
493 3121 552 3176 739.
592 3119 760 3191 retranseo]
779 3115 926 3182 -75177
944 3114 1003 3178 noch
1016 3115 1100 3166 Hom.

51 3191 199 3254 cecanum,
231 3195 255 3246 b.
280 3192 298 3247 i.
324 3192 438 3259 ginniac
455 3191 568 3258 setun
590 3191 622 3242 u
636 3193 676 3258 17
690 3186 829 3258 2⁰th-
796 3183 895 3273 -759
906 3179 1100 3242 debitorlatto,
