2428 3634
153 233 197 298 so
424 247 546 304 suono.
569 249 667 302 suun
684 251 704 302 r.
727 267 751 303 v.
770 247 916 304 ato-son

153 407 324 487 Frigoribus
347 417 431 490 parto
454 409 603 487 agricolao
624 409 796 489 plerumque
817 410 956 486 inustor,

153 493 308 574 liutuaqoe
330 497 405 556 iuter
426 513 460 556 se
481 495 550 556 laeti
573 499 706 556 couriria
729 507 839 558 curant.

153 582 257 643 loritat
279 581 403 660 genialis
426 581 518 642 biems
541 599 685 661 curasque
706 582 843 643 resolvit:
954 648 958 656 ,

153 667 215 730 Geu
235 685 359 748 pressae
380 685 444 727 cnm
467 670 523 726 ium
545 677 660 746 portum
682 671 808 746 tetigere
829 671 956 744 carioso,
1004 662 1009 668 ’

116 761 119 770 “
152 753 299 834 Puppibus
322 763 350 814 et
371 753 440 813 laeti
462 762 567 812 nautae
589 756 756 832 imposuere
777 771 912 816 coronas.

152 840 212 901 Sed
233 850 328 900 tamon
351 847 380 899 et
402 857 527 917 quernas
549 838 671 918 glandes
693 850 752 900 tuor
775 844 920 919 stringere
943 850 1061 922 tompus
1122 853 1180 908 otti

151 925 189 987 lit
210 925 283 985 lauri
305 923 412 985 baccas
435 924 588 1004 oleamque
611 934 787 1005 cruentaque
809 936 917 1004 myrta

151 1011 221 1072 'ium
244 1010 364 1088 gruibus
386 1010 506 1090 pedicas
528 1021 559 1072 et
580 1015 653 1071 retia
674 1031 786 1093 ponere
808 1017 912 1088 cervis,
932 1079 943 1096 ,

150 1097 327 1175 Auritosque
351 1099 434 1178 sequi
456 1097 584 1177 lepores,
606 1107 665 1158 tum
689 1101 781 1176 ligere
803 1099 903 1160 damas

151 1183 280 1263 Stuppca
302 1191 483 1262 torquentem
505 1183 637 1243 Balearis
658 1185 781 1244 verbera
804 1183 917 1262 maiae,

151 1268 222 1332 (iam
245 1271 295 1332 uix
317 1267 374 1329 alta
397 1273 482 1344 iuuet,
506 1270 631 1347 glaciem
654 1289 718 1330 cum
741 1271 857 1331 liumina
878 1269 1003 1332 trudunt.
1060 1311 1066 1320 ·

216 1355 293 1431 Quid
314 1363 503 1435 tempestates
529 1359 674 1416 auctumni
697 1365 727 1416 et
748 1358 843 1417 sidera
867 1358 992 1433 dicam,
1092 1366 1099 1382 “

150 1443 257 1522 Atque,
279 1441 328 1502 ubl
351 1441 407 1502 iarn
428 1440 603 1520 breviorque
625 1442 688 1502 dies
711 1451 740 1502 et
762 1443 877 1504 mollior
898 1454 1005 1519 aestas,

151 1528 236 1604 Quae
255 1527 401 1606 vigilanda
422 1527 516 1587 viris?
542 1528 590 1587 vel
613 1545 677 1588 cum
699 1531 755 1588 ruit
777 1529 951 1590 imbriferum
973 1547 1036 1607 vor,

150 1616 258 1695 Spicea
279 1617 335 1674 iam
359 1616 469 1693 campis
492 1631 556 1673 oum
578 1617 684 1674 messis
706 1614 855 1691 inhorruit,
879 1625 908 1676 et
930 1634 994 1691 curn

149 1701 303 1764 Frumento
325 1702 353 1759 iu
376 1699 461 1759 viridi
484 1698 589 1779 stipula
611 1699 747 1761 lactentia
770 1699 908 1778 turgent?

150 1787 337 1865 Saepc'ego,
360 1802 424 1844 cum
447 1783 529 1844 baris
551 1803 712 1846 messorem
735 1785 883 1847 induceret
905 1781 997 1848 urris'

149 1870 290 1949 Agricola
312 1879 341 1930 et
363 1869 490 1948 lragili
481 1888 537 1930 ram
560 1874 718 1949 stringeret
740 1872 849 1934 hordea
872 1873 976 1950 culmo,

151 1957 254 2019 Omnia
275 1964 425 2016 ventorum
448 1973 623 2024 concurrere
644 1957 755 2042 praelia
777 1957 847 2035 vidi,

151 2043 234 2118 Quae
255 2041 403 2121 gravidam
425 2041 484 2104 late
506 2052 637 2120 segetem
660 2044 696 2104 ab
719 2045 896 2106 radicibus
888 2047 963 2110 imis
1052 2096 1054 2100 .

150 2127 306 2191 Sublimem
330 2127 478 2209 expulsam
501 2139 650 2190 eruerent:
678 2133 718 2191 ita
740 2129 854 2191 turbiue
876 2134 960 2208 nigro
1032 2196 1036 2200 ,

149 2215 252 2278 Ferret
272 2216 365 2276 hiems
390 2214 569 2294 culmumque
590 2215 685 2275 levem
708 2217 888 2296 stipulasque
910 2217 1054 2280 volantes.

149 2303 247 2382 Saepe
269 2303 354 2363 etiam
377 2303 545 2362 immensum
569 2301 652 2362 caelo
674 2305 753 2362 venit
775 2321 879 2381 agmen
899 2301 1052 2394 liquorum,

148 2385 187 2449 Et
209 2387 324 2448 ioedam
345 2387 507 2465 glomerent
528 2397 729 2467 tempestatem
752 2389 890 2449 imbribus
913 2393 984 2450 atris

149 2471 299 2534 collectae
322 2491 359 2532 ex
380 2472 438 2534 alto
461 2473 569 2548 nubes,
598 2477 655 2534 ruit
676 2474 781 2534 arduus
802 2475 912 2551 aether,

147 2557 186 2619 Et
206 2557 304 2637 pluvia
326 2559 436 2636 ingenti
458 2569 521 2620 sata
542 2559 619 2620 laeta
640 2559 785 2638 boumque
806 2560 923 2622 labores

143 2643 254 2718 buluir,
282 2642 437 2744 implentur
458 2641 558 2706 fossae
581 2655 610 2706 et
632 2663 703 2705 ouva
724 2646 840 2708 ilumioa
864 2657 1000 2708 crescunt

150 2729 221 2793 cum
244 2729 349 2804 sonitu,
373 2729 523 2810 fervetque
545 2731 627 2792 iretis
645 2732 825 2834 spirantibus
848 2750 967 2812 aequor.

148 2815 217 2897 lpse
238 2815 323 2876 Pater
345 2815 439 2875 media
461 2817 672 2878 nimborum
643 2837 672 2878 ru
695 2827 781 2878 nocte
803 2835 927 2880 corusca

148 2901 277 2963 Fulmina
298 2900 413 2961 molitur
435 2900 544 2980 dextro,
568 2922 625 2982 quo
649 2905 771 2968 maxima
793 2915 872 2966 motu

148 2985 236 3048 'lbrra
259 2989 363 3064 tremit,
386 2985 488 3066 lugere
511 2987 600 3066 ieras,
625 2999 653 3050 et
674 2989 805 3052 mortalia
830 2990 918 3052 corda
1088 2986 1093 2992 ’
1129 3005 1179 3061 330

70 3109 72 3120 '
148 3118 195 3173 mit
213 3120 366 3176 buciiunrco
384 3117 498 3174 brltribrt
516 3119 643 3188 (linitur
678 3132 862 3192 gereremus,
879 3125 978 3192 tMAl,
995 3121 1178 3194 sou-319.

148 3186 358 3256 (ὅτίεῴίῐγυώεη
359 3183 646 3256 pvrlroboettbetitsib,
681 3191 713 3242 ab
736 3193 878 3258 radicibus,
901 3195 999 3257 lobea
1022 3196 1058 3250 to
1079 3195 1179 3320 20-5-

147 3255 181 3309 lou
204 3255 292 3322 biciso
314 3207 468 3326 parom-
433 3254 560 3312 ·-·3il5.
556 3260 644 3311 strio·
681 3255 740 3314 324.
758 3261 863 3325 exalto,
880 3263 959 3319 obuii
971 3263 1101 3334 muri]-
