2428 3634
323 234 444 290 naono.
467 235 567 290 nmen
583 205 602 290 ι’.
624 253 650 288 v.
667 233 796 290 oo-nna.
838 188 846 200 ”
881 247 882 252 ¹

37 398 237 478 spiramenta,
260 413 353 460 noras
373 396 679 476 veniatqoa'snccas
699 397 729 456 in
750 393 874 470 berbas3

36 484 101 544 Seu
126 483 209 544 durat
230 484 324 563 magis
346 491 376 542 et
395 499 486 548 venas
508 483 643 560 astringit
664 481 787 558 hiantes,

36 569 85 628 Ne
105 557 212 629 lennes
235 568 350 648 pluviae
372 569 503 648 rapidive
524 570 654 648 potentia
677 567 750 630 solis
1006 640 1013 662 ι

36 655 149 716 Acrior
171 663 219 714 aut
240 654 354 714 Bnreae
376 653 555 734 penetrabile
577 654 670 731 frigus
692 653 802 726 adurat.
910 707 912 714 ,

37 740 161 800 Multum
184 739 270 816 adeo,
292 742 394 822 rastris
416 740 520 817 glebas
543 743 592 820 qui
614 741 722 818 frangit
743 743 851 800 inertas
894 789 896 794 .

36 827 250 904 vimineasque
270 826 359 886 trabit
380 819 486 903 e'rates,
509 829 587 888 iuvat
609 844 688 902 arra,
710 844 805 910 neque
820 825 906 886 'ilium
1038 838 1072 894 tta

36 912 129 972 Flava
153 910 245 972 Cerea
267 912 326 974 aito
348 915 532 992 nequiquam.
545 921 659 993 spectat
682 911 823 992 Olymp03

35 998 76 1059 Et
99 1000 160 1076 qui,
189 997 341 1077 proscisso
363 1017 439 1077 quae
460 1001 582 1062 suscitat
603 1015 731 1076 aequore
753 1009 849 1076 terga,

35 1085 152 1144 Rursus
175 1086 205 1144 in
227 1083 374 1163 obliquum
395 1101 482 1146 verso
504 1086 664 1164 perrumpit
686 1092 793 1158 aratro,

35 1170 226 1248 Exercetqne
248 1169 385 1248 frequens
407 1169 538 1232 tellurem
560 1180 648 1249 atque
669 1171 791 1248 imperat
813 1174 902 1231 arvis.

104 1253 228 1316 Hurnida
250 1255 375 1330 solstitie
397 1265 484 1334 atque
506 1255 617 1316 hiemes
640 1265 721 1316 orate
744 1273 874 1331 serenas,
925 1301 927 1308 a
1021 1271 1071 1324 loo

35 1340 215 1420 Agricolam
237 1341 360 1402 hiberno
382 1341 541 1404 laetissima
563 1342 685 1422 pulvere
706 1341 792 1417 tarra,
828 1403 831 1415 ι

35 1427 147 1489 Laetus
169 1445 255 1504 ager:
278 1427 358 1488 nullo
380 1435 488 1498 tanturn
512 1445 545 1488 se
565 1423 661 1505 Mysia
685 1427 762 1488 cultu
871 1439 877 1448 ¹

35 1514 130 1574 lactat
153 1522 183 1574 et
204 1515 269 1593 ipsa
291 1531 359 1574 suas
381 1515 519 1574 mirantur
541 1512 670 1592 Gargara
692 1515 806 1574 messis.
833 1530 836 1534 ·

37 1599 117 1674 Quid
141 1598 244 1675 dicam,
267 1601 344 1661 iacto
367 1601 417 1679 qui
438 1602 549 1660 semine
571 1602 731 1662 comminus
753 1617 821 1660 arva
883 1625 885 1631 ,

35 1685 204 1768 insequitur
226 1683 415 1765 cumulosque
435 1688 492 1747 ruit
513 1685 589 1747 male
610 1687 728 1766 pinguis
750 1686 877 1748 arenae?
1020 1700 1072 1754 11111

35 1769 152 1831 Deinde
175 1773 247 1832 satis
269 1770 384 1832 dorium
407 1771 516 1834 inducit
536 1774 675 1851 rivosque
696 1767 874 1854 sequentea‚'

35 1858 84 1934 Et,
109 1873 175 1918 curn
197 1865 316 1918 exustus
338 1875 410 1936 ager
431 1858 622 1920 morientibus
643 1867 756 1920 aestuat
777 1858 891 1935 herbis,

37 1943 124 2004 Ecce
147 1941 304 2022 supercilio
328 1942 431 2006 clivosi
453 1947 575 2006 tramitis
597 1945 700 2006 undam

35 2025 151 2090 Elicit?
173 2027 222 2088 illa
245 2026 355 2090 cadens
375 2047 492 2090 rancum
514 2049 568 2108 per
589 2030 665 2091 levia
687 2049 812 2096 murmur

36 2117 116 2176 Saxa
140 2116 207 2189 ciet,
230 2113 432 2193 scatebrisque
453 2117 565 2176 arentia
587 2125 729 2195 temperat
750 2134 829 2178 arra.
1019 2132 1070 2186 litt

37 2199 126 2276 Quid,
149 2201 210 2278 qui,
232 2217 270 2260 ne
291 2200 420 2277 gravidis
442 2200 616 2281 procumbat
637 2199 747 2260 onmes
769 2203 876 2278 aristis,
982 2229 989 2244 ⁸

34 2287 200 2348 Luxurienr.
214 2294 347 2363 segetem
368 2295 468 2346 tenera
491 2284 624 2365 depascit
646 2287 675 2346 in
698 2285 796 2361 herba,

35 2371 256 2452 cumprimum
279 2370 377 2432 suloos
400 2380 525 2450 aequant
547 2368 632 2432 sata?
654 2373 763 2449 quique
785 2370 898 2452 paludis
975 2375 978 2382 '
1004 2357 1009 2376 ’

35 2457 201 2525 Golleotnnr
222 2456 371 2518 humorem
392 2455 490 2518 bibula
513 2455 628 2519 deducit
650 2456 760 2518 arena?

34 2545 212 2606 Praesertim
234 2545 354 2604 incertis
377 2545 402 2604 si
424 2542 572 2604 mensibus
594 2544 686 2604 amnis
709 2541 857 2612 abundans
997 2543 1068 2618 ild
1160 2567 1163 2572 “

34 2631 115 2706 Exit,
139 2638 169 2690 et
190 2627 317 2690 obducto
340 2629 400 2690 late
420 2638 500 2690 tenet
521 2632 617 2706 omnia
640 2628 719 2704 limo,

35 2714 122 2777 Unde
143 2732 235 2776 carae
255 2714 355 2796 tepido
378 2714 482 2779 sudant
503 2715 622 2776 humore
643 2709 776 2776 lacunae.

102 2799 167 2862 Nec
188 2809 295 2878 tamen,
318 2800 392 2862 baec
415 2819 479 2862 oum
502 2803 559 2862 sint
573 2801 777 2881 bominumque
791 2802 938 2884 boumque!
951 2806 1067 2868 iabores

36 2886 191 2948 Versando
213 2895 320 2948 terram
343 2890 467 2968 experti,
495 2885 565 2948 nibil
587 2886 740 2967 improbus
759 2907 848 2950 anser

1 3081 2 3086 ,
38 3040 92 3105 bet]
111 3067 146 3077 -
165 3035 225 3091 104.
244 3039 408 3108 quiddicam,
445 3039 472 3089 ui
489 3047 536 3089 ete.
572 3039 605 3089 tis
618 3037 757 3104 mensibus,
775 3040 801 3095 t'n
814 3037 859 3094 ein
872 3041 1085 3110 aesintetiiqeo·
1120 3104 1123 3107 ,

37 3109 55 3173 i.
74 3108 104 3160 Α.
126 3104 153 3171 6,
177 3104 239 3174 141]
258 3135 293 3148 -
311 3104 370 3160 105.
393 3055 535 3188 madepin-
575 3105 734 3175 (petitione
747 3108 1068 3182 utbbttbiisfflonoittt]

1 3189 8 3207 ⁴
38 3178 105 3244 guis,
123 3177 142 3240 i.
153 3175 185 3230 Α.
197 3174 222 3239 b,
236 3173 282 3244 23]
302 3205 336 3214 -
354 3171 413 3228 lod.
432 3175 536 3239 deinde,
571 3201 605 3214 -
625 3173 682 3229 117.
701 3177 800 3241 sudant,
818 3179 841 3232 b.
857 3178 874 3232 ί.
893 3181 1068 3250 autidpmiqen,

39 3245 178 3314 qrbeistim'q,
190 3244 243 3310 [td.
256 3243 280 3308 1,
290 3241 440 3322 ‹du-lid.
450 3245 535 3297 incer·
572 3243 734 3311 antdiinfttnp
758 3247 895 3315 madent]
915 3279 947 3288 —
