2416 3634
143 182 168 252 e
338 246 341 254 ,
411 157 623 246 'ammana
640 183 745 245 rna..
759 179 912 244 tro-rat.

145 327 334 410 Consumptis
356 325 405 388 bic
426 326 499 389 lorte
520 328 599 401 aliis,
629 338 661 390 ut
681 339 793 394 vertere
815 343 968 393 morsus·'
1080 402 1083 407 ,

145 413 286 493 Exiguam
309 414 338 473 in
361 412 496 474 Cererem
518 403 639 496 penuria
661 415 757 496 adegit
777 415 880 481 mendi
1031 410 1037 420 ’

37 549 41 556 .
104 542 107 549 .
144 497 181 564 Et
202 499 311 561 violare
332 516 421 560 manu
445 500 588 581 malisque
610 501 771 564 audacibus
793 502 894 563 orbem

71 605 73 612 ’
146 585 252 647 Fatalis
274 585 364 646 crusti
387 579 492 666 patulis
508 605 568 646 nec
588 606 710 674 parcere
731 586 864 672 quadris:
929 607 932 614 ·

146 671 243 744 fleus,
273 669 359 732 etiam
382 689 500 734 mensas
522 671 738 734 consumimus!
768 674 862 755 lnquit
884 673 966 737 lulus

145 755 206 818 llec
227 754 312 836 plura
333 754 476 818 alludens.
520 756 560 817 Ea
583 777 639 818 vox
661 757 757 819 audita
779 758 914 820 laborum

18 881 25 896 ,
147 839 244 901 Prima
265 839 331 901 tulit
352 841 455 916 finem,
485 842 668 925 primamque
690 844 836 925 loquentis
859 845 896 906 ab
918 865 968 906 ore

147 925 260 1007 Eripuit
281 933 363 1006 pater
383 947 419 988 ac
441 927 622 1008 stupefactus
645 931 763 996 numine
785 931 900 1010 pressit.
1064 963 1067 974 ·
1198 957 1199 1006 l

146 1011 307 1086 Continuo,
337 1009 424 1074 Salve
446 1011 511 1073 latis
534 1013 606 1073 mihi
628 1013 722 1076 debita
744 1015 856 1088 Tellus,
931 1089 935 1094 .
1137 1025 1199 1075 tto.

145 1097 278 1179 Vosque,
297 1096 362 1174 alt,
389 1117 411 1158 ο
431 1097 481 1157 fidi
504 1099 605 1162 Troiae
627 1101 734 1161 salvete
757 1098 893 1162 Penates!
955 1121 958 1126 ·
1198 1107 1199 1118 ¹

147 1181 202 1242 llic
217 1177 338 1256 domus,
361 1181 434 1244 haec
448 1185 539 1265 patria
553 1193 611 1246 est:
649 1185 766 1246 Genitor
781 1186 850 1246 mihi
865 1186 931 1248 talia
947 1205 1077 1269 namque
1093 1221 1113 1236 -

146 1266 232 1328 Nunc
254 1275 353 1349 repeto
375 1302 395 1316 -
417 1268 557 1332 Anchises
580 1270 703 1331 latorum
725 1291 829 1332 arcana
852 1264 981 1354 reliquit:

29 1429 34 1440 Ι
147 1351 222 1414 Cum
244 1361 288 1428 tc,
317 1363 399 1424 nate,
429 1353 521 1417 lantes
544 1357 641 1436 ignota
663 1357 699 1417 ad
721 1357 804 1418 litora
826 1365 941 1418 vectum

120 1453 130 1472 ··
145 1438 259 1501 Accisis
281 1449 367 1519 coget
388 1439 510 1528 dapibus
532 1461 705 1512 consumere
727 1461 858 1514 mensas,
1136 1451 1184 1502 tlt

147 1525 220 1584 Tum
243 1543 362 1605 sperare
383 1525 488 1588 domos
511 1525 645 1588 defessus
667 1528 765 1610 ibique
785 1535 930 1589 memento

130 1607 243 1670 'Prima
260 1609 362 1671 locare
384 1631 472 1672 manu
495 1612 650 1694 molirique
672 1633 780 1693 aggere
802 1623 885 1677 tecta.
919 1647 923 1655 ·

146 1695 227 1755 Haec
248 1704 310 1755 erat
332 1695 380 1756 illa
403 1695 511 1771 lames3
541 1695 612 1758 haec
634 1717 687 1760 nos
710 1717 846 1779 suprema
869 1695 1016 1774 manebat,
1128 1717 1136 1724 ⁷

139 1779 245 1852 -Exitits
265 1781 400 1859 positura
422 1780 553 1842 modum.
648 1819 652 1830 ·
1036 1801 1046 1822 ¹·

92 1935 107 1948 ‘
147 1863 244 1934 Quare
266 1863 342 1943 agite
364 1873 393 1925 et
413 1866 508 1946 primo
530 1865 594 1927 laeti
617 1887 683 1930 curn
707 1868 815 1930 lumine
838 1869 922 1946 solis,
1005 1885 1007 1892 ·
1134 1877 1183 1928 rat

147 1949 228 2020 Quae
251 1949 314 2011 loca
335 1951 423 2033 quive
445 1949 567 2023 habeant
589 1952 736 2026 homines,
767 1955 816 2014 ubl
839 1954 953 2015 moenia
973 1955 1085 2038 gentis,
1199 1969 1200 1980 ¹

116 2038 119 2044 '
146 2033 330 2114 vestigemus
352 2045 381 2096 et
402 2056 419 2096 a
441 2047 525 2118 portu
549 2037 662 2100 diversa
686 2043 827 2120 petamus.
901 2075 913 2094 ι.

146 2119 231 2181 Nunc
252 2119 367 2203 pateras
389 2121 475 2183 libate
497 2124 574 2197 lovi,
604 2126 797 2207 precibusque
819 2133 921 2207 uocate

84 2200 89 2208 ’
145 2205 289 2269 Anchisen
312 2207 471 2288 genitorem
494 2219 523 2270 et
544 2209 610 2271 vina
633 2212 763 2292 reponite
785 2211 904 2273 mensis.

108 2325 111 2328 ·
146 2291 197 2352 Sic
219 2291 323 2354 deinde
343 2293 448 2356 aliatus
469 2294 609 2360 frondenti
631 2305 760 2378 tempora
783 2315 865 2358 ramo
1131 2301 1182 2353 ¹³⁵

72 2435 75 2442 ,
147 2377 276 2458 lmplieat
297 2387 326 2439 et
347 2378 530 2462 Geniumque
552 2382 609 2444 loci
631 2381 813 2464 primamque
836 2381 956 2441 deorum
1097 2395 1100 2400 '

144 2458 290 2522 'lellurem
310 2462 518 2547 Nymphasque
540 2477 568 2528 et
589 2467 684 2528 adhuc
706 2469 802 2548 ignota
824 2475 960 2548 precatur

146 2623 372 2702 corcaliaarma]
390 2659 424 2676 -
446 2633 656 2702 trapitionta
680 2637 762 2702 mine,
779 2636 829 2691 illle
848 2633 967 2704 tqtitben.
987 2635 1183 2704 bacchantum,

147 2700 654 2840 ilicitanus.statuisti
681 2706 837 2839 laert.
850 2703 1184 2842 ..ttartsshthltttt

146 2783 185 2892 binc
194 2836 344 2956 pebaitigtan
355 2784 450 2906 tilieto)
467 2851 497 2907 gu
510 2841 658 2922 cometam]
680 2841 728 2907 itt)
735 2853 743 2908 3
769 2841 793 2902 io
817 2857 941 2912 premere
963 2855 1058 2892 vocem
1077 2841 1102 2903 a,
1126 2838 1184 2905 att]

145 2904 655 3042 eatstanafstassaa:
679 2908 1185 3058 a.&titillantiahl‘m

145 2970 247 3108 libum
266 2987 311 3108 hh
333 3041 446 3112 laipno,
470 3047 486 3095 ³
512 3047 562 3097 aas
596 3059 617 3112 .;
636 3046 654 3111 i.
683 3047 717 3101 ii.
739 3049 788 3100 lae
808 3061 834 3101 u.
853 3044 915 3116 20⁰]
940 3075 975 3086 -
997 3042 1056 3097 135.
1078 3043 1183 3105 tonde,

135 3109 205 3188 'aab
217 3109 251 3167 im
264 3109 339 3180 8013.
352 3111 439 3168 ihm
449 3045 596 3181 lib-1¹8·
607 3131 656 3167 nu·
681 3115 824 3183 anottitbtq,
847 3115 866 3181 ῐ.
884 3115 909 3181 1,
925 3116 985 3184 415,
1000 3113 1063 3169 bain
1076 3114 1184 3186 parete.
