2428 3634
306 213 808 270 unone.n11tntt1tt.r.lnt-tet.
838 174 842 180 ⁵
903 223 907 232 ·
1036 201 1078 265 97

45 369 247 454 Pallentesque
269 372 394 449 hederas
416 385 446 436 et
467 385 597 437 amantes
620 375 706 436 iitcra
724 386 849 453 myrtos.

44 457 174 538 Namque
197 461 250 521 sub
274 461 415 522 Oebaliae
436 465 553 537 memini
575 480 622 522 me
643 462 771 524 turribus
793 459 869 538 altis,
896 509 907 522 .

46 543 107 617 Qua
130 549 215 624 niger
237 547 383 609 humectat
404 547 539 610 harentia
563 549 639 620 culta
663 548 812 625 Galaesus,

44 627 198 709 Corycium
219 634 332 694 vidisse
354 653 463 712 senem,
479 633 534 694 ‘cui
556 653 650 715 pauca
672 635 769 696 relicti

43 715 146 795 iugera
168 721 244 780 ruris
267 729 359 797 erant,
381 739 438 782 nec
460 719 564 782 fertilis
586 721 638 794 illa
657 723 799 798 iuvencis,

42 801 104 864 Nec
125 808 235 884 pecori,
251 817 416 887 opportuna
439 825 538 886 seges,
565 825 622 867 nec
644 807 797 870 commoda
810 808 945 881 Baccho.

43 888 96 950 liic
117 909 216 952 rarum
238 901 334 954 tamen
356 896 386 954 in
409 893 502 954 dumis
525 893 590 954 cius
613 893 738 973 aibaquc
760 897 868 956 circum

41 974 113 1038 Lilia
134 978 340 1059 verbenasque
358 973 497 1060 premens
518 997 697 1058 vescumque
718 998 857 1060 papauer,

42 1061 153 1142 Regum
177 1065 322 1144 aequabat
343 1083 417 1147 opes
438 1068 546 1143 auimo,
569 1072 694 1146 seraque
715 1076 866 1128 revertens

41 1141 135 1211 Nocte
159 1151 275 1212 domum
299 1151 421 1232 dapibus
443 1169 560 1219 mensas
583 1152 723 1214 onerabat
744 1155 890 1234 inemptis.

40 1234 151 1298 Primus
175 1256 246 1298 rere
268 1255 366 1300 rosam
389 1249 476 1318 atque
499 1239 652 1302 anctumnc
676 1257 798 1319 carpere
819 1257 916 1320 poma,
1083 1287 1085 1294 ,

40 1320 86 1398 Et,
111 1342 177 1385 curn
200 1326 292 1384 tristis
315 1325 408 1386 hiems
432 1327 585 1386 etiamnum
608 1325 719 1404 frigore
742 1343 813 1386 saxa
899 1401 904 1413 ι
974 1330 976 1334 ’

40 1407 201 1492 Rumperet
224 1419 253 1471 et
274 1410 372 1489 glacie
394 1429 496 1472 cursus
519 1411 648 1472 irenaret
669 1430 817 1492 aquarum,

40 1493 91 1556 lile
114 1515 230 1558 comam
252 1496 349 1558 mciiis
371 1499 428 1558 iam
451 1497 589 1560 tendebat
611 1498 768 1575 hyacinthi,
838 1549 842 1557 .

39 1583 194 1653 Aestatem
216 1585 394 1664 increpitans
417 1602 513 1645 seram
535 1584 746 1665 Zephyrosque
768 1593 924 1646 morantes.

40 1668 124 1748 iirgc‘
144 1669 250 1752 apibus
273 1670 340 1732 fetis
364 1670 551 1752 idcmatque
573 1674 708 1732 examine
728 1671 818 1733 multo

39 1754 152 1820 Primus
176 1756 324 1817 abundare
347 1767 376 1819 et
398 1761 560 1838 spumantia
584 1775 694 1836 cogere
715 1761 828 1839 pressis
904 1791 927 1812 ·.

40 1843 127 1904 Melia
150 1843 245 1918 favis,
273 1843 315 1904 illi
336 1844 418 1906 tiliae
440 1854 527 1925 atquc
549 1845 694 1906 uberrima
716 1848 824 1926 pinus;¹

42 1928 183 2010 Quotquc
205 1931 234 1988 in
257 1930 329 1990 flore
351 1949 428 1992 ncvc
451 1935 547 2011 pomis
571 1950 606 1992 se
628 1931 732 1994 fertilis
755 1933 844 1994 arbos
926 1957 928 1960 ·

38 2015 188 2092 induerat,
211 2015 332 2076 totidem
355 2026 509 2094 auctumnc
531 2027 643 2078 matura
664 2017 791 2078 tenebat.

38 2102 91 2164 Ille
115 2105 205 2164 etiam
228 2119 313 2162 seras·
331 2105 362 2162 in
384 2120 499 2162 versum
523 2099 636 2162 distulit
654 2102 749 2162 ulmos

37 2189 228 2268 Eduramque
250 2190 344 2268 pirum
366 2189 521 2268 etspincs
544 2189 602 2248 iam
622 2205 715 2268 pruna
737 2187 866 2250 ferentes
1118 2262 1121 2270 ,
1166 2259 1176 2272 „

38 2276 162 2356 iamque
184 2277 395 2336 ministrantem
416 2275 564 2354 platanum
585 2274 754 2356 potantibus
776 2274 902 2336 unrbras.
1022 2305 1024 2309 v
1100 2323 1106 2334 .

12 2433 15 2443 Ι
36 2362 151 2424 Verum
174 2360 249 2422 haec
271 2363 337 2442 ipse
359 2361 502 2442 equidem,
525 2362 629 2442 spatiis
652 2360 789 2423 exclusus
811 2363 929 2440 iniquis,

37 2447 201 2511 Praetereo
224 2455 312 2528 atque
334 2448 398 2510 aliis
419 2449 490 2529 'post
510 2467 558 2508 me
579 2447 765 2509 memoranda
786 2447 929 2526 relinquo.

100 2535 195 2596 Nunc
216 2552 283 2612 age,
305 2545 423 2598 naturas
445 2534 549 2616 apibus
572 2553 644 2615 quas
666 2533 796 2614 luppiter
818 2537 883 2614 ipsc

12 2663 13 2666 =
36 2621 175 2698 Addidit,
198 2621 360 2701 expediam,
382 2641 437 2704 pro
461 2641 518 2702 qua
540 2620 685 2698 mercede,
709 2609 835 2682 cariores
1032 2631 1083 2686 neu

37 2709 184 2772 Curetum
206 2711 320 2769 sonitus
343 2711 574 2790 crepitantiaque
596 2726 666 2769 aera
687 2717 816 2784 secutae,
867 2775 871 2780 ,

35 2797 170 2857 Dictaeo
194 2793 268 2855 caeli
290 2813 391 2874 regem
413 2813 522 2877 parere
544 2795 597 2856 sub
620 2803 714 2856 antro.

37 2883 138 2945 Solae
162 2898 329 2942 communes
351 2891 447 2958 natos,
471 2883 623 2942 consortia
641 2891 720 2941 tecta

34 2969 133 3030 Urbis
157 2961 273 3046 hab'cnt,
296 2971 469 3048 magnisque
491 2971 602 3046 agitant
624 2968 677 3028 sub
700 2967 815 3046 iegibus
837 2983 950 3054 aeuum,

33 3102 101 3158 128.
131 3103 264 3166 iuvencis,
292 3101 362 3168 cidit.
393 3123 424 3150 ==
453 3105 546 3154 iuven·
582 3101 733 3166 tondebit,
761 3104 820 3168 ittig
839 3100 911 3164 butd)
931 3103 976 3155 bttt
994 3102 1084 3166 Scite,

35 3188 138 3226 corum
161 3170 263 3237 labore,
286 3173 413 3238 aratione]
432 3201 467 3210 -
489 3169 548 3226 134.
584 3173 635 3239 cpi.
652 3171 683 3224 A.
705 3169 730 3236 l,
748 3169 811 3237 308]
829 3199 865 3210 -
883 3167 942 3226 139.
960 3185 1023 3239 apes
1042 3171 1074 3222 ie
1097 3199 1100 3206 ·

26 3254 171 3310 reserpere,
197 3242 215 3307 i.
238 3242 269 3294 A.
291 3241 321 3306 4,
344 3239 407 3310 affl]
432 3270 466 3282 -
488 3235 548 3296 137.
583 3249 633 3306 tae,
651 3241 764 3310 ttrite·
782 3240 896 3306 berner,
920 3240 958 3326 bit
976 3240 1083 3309 gtbtttn

95 3345 176 3394 virgil.
196 3346 230 3384 td.
245 3345 339 3397 Frtuad,
354 3345 391 3387 111.
860 3327 877 3378 7
