2418 3640
70 285 78 292 .
105 228 175 298 'ab
214 251 218 258 ·
253 223 258 230 “
422 213 506 286 nain.
516 180 679 286 'urebar
699 249 724 286 v.
737 203 892 290 arr-uns

107 347 206 433 λιΤτοε
228 355 389 469 Tyriusque
411 371 482 432 mibi
504 371 585 431 nullo
609 371 776 432 discrimine
798 379 910 450 agatur.
1011 417 1016 430 .
1191 365 1192 420 l

93 463 101 471 ‘
131 454 156 519 A
210 457 359 526 eutlnam
380 466 431 517 rent
452 459 515 538 ipse
536 455 611 516 Noto
633 456 804 536 compulsus
826 455 952 516 eodem
1089 467 1179 530 ,570

132 543 155 603 A
180 550 243 602 oret
263 540 389 602 Aeneas!
419 541 559 622 Equidem
582 561 641 620 per
655 540 739 600 litora
761 551 858 602 certus
1002 538 1006 548 '
1079 557 1086 563 '
1146 545 1151 552 '
1191 565 1192 570 ¹

81 653 85 662 ¹
111 627 280 706 *Uimittam
303 636 331 686 et
353 625 459 707 Libyae
481 626 605 686 lustrare
626 636 751 686 extrema
775 611 972 700 iubebo,‘'

132 711 167 773 Si
189 711 295 792 quibus
317 711 427 771 eiectus
450 710 531 771 silvis
554 719 604 770 aut
627 709 749 771 urbibus
771 720 877 770 errat,

63 813 68 821 ¹
179 851 182 856 ,
220 796 273 854 llis
295 796 423 856 animum
446 795 549 854 arrecti
572 795 670 869 dictis,
700 804 728 856 et
751 794 832 856 fortis
854 794 977 854 Achates
1006 867 1008 870 Ι

124 881 170 940 'Et
191 881 272 960 pater
293 881 405 940 Aeneas
428 878 595 940 iamdudum
618 891 770 961 erumpere
792 879 901 939 nubem
1123 889 1182 939 58⁰

32 1019 41 1032 ,
134 964 288 1032 Ardebant.
333 965 415 1024 Prior
433 965 552 1036 Aenean
576 965 730 1046 compellat
751 963 887 1036 Achates:

129 1048 297 1122 ‘Natedea‚
328 1069 403 1130 quae
426 1069 504 1108 nunc
527 1050 623 1110 animo
646 1051 785 1110 sententia
810 1045 924 1128 surgit?

134 1134 241 1200 Omnia
264 1143 324 1193 tuta
348 1133 443 1206 videS,
474 1134 599 1194 classem
622 1135 777 1216 sociosque
800 1142 943 1231 receptos
960 1135 966 1142 '

40 1216 43 1224 '
135 1217 223 1278 Unus
229 1218 336 1297 abest,
366 1217 494 1278 medio'
486 1239 515 1278 rn
538 1219 627 1279 fluctu
651 1239 739 1300 quem
762 1218 918 1282 vidimus
910 1219 1000 1322 rqsi

67 1325 71 1336 ¹
120 1262 343 1377 'Submbrsum3
373 1302 458 1364 dictis
480 1304 657 1393 respondent
679 1307 773 1364 cetera
796 1303 936 1363 matris.
1125 1311 1183 1362 585

74 1383 80 1399 ’
123 1387 189 1447 ‘vix
210 1405 245 1446 aa
267 1386 344 1448 latus
366 1398 442 1464 erat,
472 1409 541 1448 cum
564 1382 740 1450 circumfusa
763 1397 879 1470 repente

129 1469 248 1532 Scindit
269 1491 302 1532 se
325 1472 416 1534 nubes
439 1482 467 1533 et
489 1475 520 1532 in
540 1474 655 1534 aethera
678 1483 784 1556 purgat
805 1481 955 1553 apertum.

135 1556 249 1616 Restitit
269 1557 381 1618 Aeneas
403 1557 569 1640 claraque
561 1579 589 1617 rn
613 1559 677 1617 luce
700 1558 828 1630 refulsit,

135 1639 181 1699 Os
204 1639 399 1722 humerosque
422 1641 476 1702 deo
499 1641 618 1718 similis3
648 1661 775 1739 namque
797 1643 861 1722 ipsa
883 1641 1017 1736 decoram

137 1723 304 1785 Caesarium
326 1735 393 1786 nato
415 1727 544 1805 genetrix
560 1726 723 1806 lumenque
746 1727 879 1787 iuventae
1127 1734 1185 1784 500

136 1809 319 1890 Purpureum
342 1820 370 1871 et
393 1810 484 1872 laetos
507 1812 601 1872 oculis
624 1811 734 1871 alllarat
756 1810 894 1870 bonores:
1083 1803 1084 1812 ¹

49 1927 76 1964 μ
110 1894 231 1964 -Quale
254 1913 359 1956 manus
381 1895 491 1956 addunt
512 1895 592 1955 ebori
616 1895 736 1969 decus,
752 1904 801 1956 aut
823 1893 872 1955 ubi
895 1895 970 1954 llavo

136 1975 295 2057 Argentum
318 1980 458 2040 Pariusve
481 1981 554 2061 lapis
580 1980 776 2040 circumdatur
798 2001 879 2040 auro.

119 2065 208 2123 ‘Tum
231 2064 276 2124 sic
298 2065 427 2144 reginam
451 2064 607 2145 alloquitur
628 2067 807 2163 cunctisque·
825 2072 941 2146 repente
1005 2089 1022 2118 ι.

136 2149 318 2230 lmprovisus
339 2149 391 2208 ait·
425 2149 546 2224 Coram,
576 2170 663 2231 quem
687 2151 838 2230 quaeritis,
868 2168 983 2226 assum,
1026 2193 1029 2202 .
1127 2153 1194 2205 590

138 2235 241 2294 Tro'r'us
263 2232 392 2310 Aeneas,
421 2233 537 2312 libycis
559 2245 675 2316 ereptus
698 2235 735 2295 ab
758 2234 853 2295 undis.

117 2319 166 2378 .0
189 2318 251 2379 sola
274 2315 406 2380 inlandos
428 2319 529 2382 Troiae
551 2321 685 2380 miserata
708 2320 838 2391 labores,

62 2395 66 2412 ’
138 2402 221 2472 Quae
243 2421 335 2477 nos,
343 2404 491 2502 reliquias
504 2405 651 2477 Danaum,
681 2413 833 2487 terraeque
857 2401 1003 2482 marisque

78 2509 90 2530 ,·
137 2485 283 2547 Omnibus
305 2487 491 2548 exhaustos
483 2509 539 2548 ram
562 2483 696 2562 casibus,
725 2490 855 2548 omnium
879 2505 1002 2564 egenos,

40 2600 45 2608 ·
137 2571 229 2643 Urbe,
259 2569 346 2630 domo
370 2573 479 2641 socias,
510 2582 607 2651 grates
630 2572 798 2653 persolvere
821 2571 942 2649 dignas
1039 2595 1047 2610 ³
1111 2577 1188 2627 eoo

121 2654 201 2738 ‘Non
225 2656 290 2736 opis
312 2664 357 2716 est
379 2665 509 2730 nostrae,
540 2656 630 2728 Dido,
660 2677 729 2732 nec,
760 2655 901 2738 quidquid
924 2655 1032 2734 ubique
1055 2661 1101 2713 est

56 2753 62 2774 ¹
132 2739 238 2800 ¹Gentis
260 2739 434 2812 Dardaniae,
465 2761 603 2819 magnum
626 2761 701 2821 quae
724 2759 824 2820 sparsa
846 2760 898 2822 per
921 2739 1030 2800 urbem.

57 2871 59 2877 .
140 2823 176 2883 Di
198 2824 264 2894 tibi,
295 2825 320 2884 si
343 2843 400 2904 qua
423 2825 490 2906 pios
513 2834 675 2906 respectant
698 2827 831 2898 numina,
861 2826 886 2885 si
910 2823 980 2905 quid
1067 2891 1071 2900 .

104 2959 109 2964 .
134 2909 268 2988 Usquam
291 2909 399 2968 iustitia
423 2918 466 2969 est
484 2919 516 2970 et
538 2930 621 2971 mens
643 2910 698 2972 sibi
722 2911 839 2970 conscia
862 2911 963 2982 recti,¹

138 2991 271 3053 Praemia
292 2991 378 3072 digna
401 2993 501 3054 lerant.
546 2993 628 3065 Quae
650 3004 757 3072 tetam
781 2994 853 3056 laeta
876 2995 1003 3054 tulerunt
1124 3001 1188 3050 005

121 3211 124 3220 «
137 3178 201 3227 aunt
211 3168 401 3245 locuni,Troia
411 3155 534 3242 vocatur]
542 3149 575 3216 ’-
582 3174 641 3227 587.
654 3179 814 3249 purgallue)
822 3173 988 3246 uoluitur]
998 3204 1028 3212 —
1036 3169 1097 3262 000.
1109 3173 1190 3236 urbe,
