2396 3632
98 190 159 330 'qu
379 204 675 298 anona-nranauu.
699 231 890 303 anot-m
987 203 996 218 ⁵

34 412 37 420 ’
117 403 204 486 Porta
226 411 307 468 tonat
330 401 414 480 eaeii,
441 411 471 464 et
494 402 624 483 seopniis
647 401 723 463 illisa
745 401 928 470 mantuani.

116 491 271 570 Aequora3
299 505 355 549 neo
377 491 475 550 miseri
497 497 624 570 possunt
643 505 785 551 rauooare
806 497 954 568 parentes,

53 609 55 616 ι
116 577 180 638 Neo
201 577 339 636 moritura
362 593 450 658 super
472 574 581 635 orndeli
604 575 706 636 innare
726 578 822 652 uirga.

117 663 196 738 Quid
217 663 318 740 lynces
340 661 448 724 Baoohi
470 665 569 722 uariae
592 671 622 721 et
643 679 736 739 genus
759 661 982 740 aoreluporunu

115 751 214 829 Atque
231 748 356 814 eanum?
382 747 459 827 quid,
483 765 558 827 quae
575 747 708 808 imbelles
725 748 793 808 dant
810 747 923 826 proelia
939 747 1052 810 cervi?
1127 763 1185 818 265

118 835 238 916 Scilicet
261 845 328 896 ante
345 834 557 904 omnesffiuror
578 845 624 894 est
645 837 770 912 insignis
794 850 947 912 equarum

116 923 156 984 Et
177 931 300 982 mentem
324 919 424 980 Venus
447 923 511 1000 ipsa
535 921 622 996 dedit,
647 939 703 1000 quo
727 931 859 1000 tempore
883 919 983 981 Glauci

117 1007 272 1069 Potniades
296 1007 379 1067 maiis
402 1007 530 1068 membra
553 1007 743 1087 absumpsere
766 1006 936 1086 quadrigae·
967 1069 971 1081 ,

116 1094 184 1156 Ilias
207 1093 286 1154 ducit
308 1111 389 1154 aanor
411 1103 491 1154 trans
515 1093 644 1172 Gargara
667 1103 806 1172 transque
828 1102 979 1154 sonantem

116 1180 289 1254 Ascanium
317 1189 456 1262 superant
478 1189 592 1259 montes
614 1189 645 1239 et
666 1179 782 1240 flumina
804 1189 934 1254 tranant3
961 1257 963 1264 s
1125 1197 1182 1250 270

51 1323 58 1334 .
115 1266 320 1346 Continuoque
343 1267 435 1328 avidis
451 1265 506 1328 ubi
530 1266 644 1326 subdita
667 1265 779 1337 flamma
802 1265 935 1326 medullis
957 1297 977 1311 ·

116 1353 195 1414 Vere
216 1356 321 1431 magis,
344 1356 412 1432 quia
434 1369 505 1412 vere
527 1352 609 1412 oalor
630 1351 706 1412 redit
727 1352 888 1422 ossibus·
910 1351 979 1412 iliae

118 1439 179 1504 Ore
201 1458 302 1500 omnes
324 1457 431 1522 versae
451 1441 480 1498 in
504 1439 667 1518 Zephyrum
691 1447 768 1498 stant
789 1438 910 1518 rupibus
933 1437 1010 1514 atos,

116 1527 345 1606 Exceptantque
361 1526 442 1586 leves
466 1543 561 1602 auras,
592 1534 621 1584 et
644 1540 734 1604 saepo
757 1528 821 1584 sine
843 1524 910 1584 uilis

118 1611 269 1690 coniugiis
291 1622 379 1672 vento
402 1612 549 1690 grauidae,
573 1610 705 1671 mirabile
727 1611 814 1687 dioto,
974 1651 978 1658 =
1124 1629 1181 1682 275

118 1701 195 1760 Saxa
218 1717 271 1778 per
294 1704 326 1759 et'
345 1697 484 1778 scopulos
509 1709 538 1758 at
559 1697 719 1777 depressas·
741 1696 889 1757 convalles

117 1785 287 1862 Diffugiunt,
311 1800 378 1860 non,
401 1785 489 1861 Eure,
512 1794 583 1844 tuos
602 1801 697 1862 neque
720 1783 800 1844 Solis
822 1783 973 1859 adortus,
1084 1781 1088 1786 ’

116 1871 149 1931 ln
171 1871 285 1930 Borean
309 1869 500 1948 Caerumque,
525 1879 573 1930 aut
595 1870 670 1930 unde
692 1873 867 1948 nigerrimus
889 1870 999 1930 Auster

62 1997 73 2024 .
116 1955 254 2018 Nascitur
275 1963 305 2016 et
326 1955 424 2036 polvio
448 1958 602 2019 oontristat
621 1957 733 2036 frigora
756 1956 877 2026 eaelum.

19 2055 23 2064 ·
97 2043 174 2104 .Hio
197 2041 319 2120 demum,
343 2041 535 2122 hippomanes
557 2061 628 2103 voro
652 2042 730 2122 quod
752 2046 870 2104 nomina
892 2043 992 2104 dieunt
1121 2060 1197 2128 2111¹

18 2192 22 2200 ,
117 2130 265 2206 Pastores,
288 2129 396 2190 lentum
420 2128 550 2192 destillat
571 2129 607 2190 ab
631 2131 750 2208 inguine
772 2132 862 2206 uirus,

118 2216 328 2296 Hippomanes,
352 2215 430 2295 qnod
451 2233 543 2296 saepe
565 2215 659 2276 maiae
681 2216 783 2294 legere
805 2233 961 2292 novariae,
1052 2265 1058 2274 .

116 2301 353 2381 miscueruntque
375 2301 481 2363 herbas
504 2312 533 2363 et
555 2321 613 2362 non
636 2305 756 2362 innoxia
778 2303 877 2364 verba.

108 2429 110 2436 ν
183 2389 242 2448 Sed
265 2388 339 2474 fugit
360 2391 481 2466 interea,
505 2387 580 2466 fugit
600 2389 792 2469 irreparabile
812 2399 937 2471 tempus,

118 2473 240 2552 Singula
263 2475 329 2534 dum
352 2477 429 2556 eapti
453 2478 710 2536 oirournveotarnur
732 2493 841 2536 amore.
1118 2492 1177 2548 285

117 2558 182 2620 Hoo
205 2562 277 2620 satis
299 2563 451 2622 armentis:
475 2572 594 2642 superat
615 2579 684 2642 pars
708 2561 798 2623 altera
822 2579 919 2640 aurae,

21 2679 24 2684 ·
115 2643 278 2722 Lanigeros
300 2649 412 2724 agitare
433 2667 543 2727 greges
564 2647 714 2728 hirtasque
737 2648 876 2728 capellas.
934 2687 937 2694 »
1122 2713 1127 2728 ,
1194 2655 1196 2678 “

116 2732 173 2793 iiie
194 2731 293 2806 labor3
321 2733 389 2793 hino
411 2735 524 2796 laudem
548 2735 640 2796 iortes
663 2745 779 2814 sperate
801 2735 910 2796 poloni.
1008 2807 1012 2813 ¹

116 2817 181 2880 Neo
203 2836 266 2889 snm
289 2819 375 2880 aniani
399 2821 511 2899 dubius,
533 2821 631 2887 verbis
654 2840 689 2882 ea
711 2824 830 2882 vindere
851 2838 989 2900 magnum

60 2925 65 2934 ·
117 2904 211 2978 Quam
234 2907 281 2978 sit,
305 2915 334 2965 et
355 2910 487 2984 angustis
510 2908 586 2968 hune
609 2908 715 2968 addere
738 2908 825 2970 rebus
849 2908 1005 2983 honorem
1113 2922 1173 2978 που

118 2990 178 3050 Sed
200 3009 246 3050 me
268 2991 386 3051 Parnasi
410 2992 525 3052 deserta
547 3013 601 3074 per
624 2993 711 3054 ardua
734 2993 827 3056 duleis
948 3053 954 3068 ,

117 3097 284 3189 proconneso.
302 3124 333 3179 a·
354 3121 379 3190 a
393 3121 444 3177 roo
461 3138 487 3178 a.
500 3123 541 3190 aa,
554 3126 616 3198 aar]
652 3125 713 3182 aaa.
732 3131 838 3198 agitare,
861 3129 968 3196 aaa!
991 3127 1050 3195 aaa.
1070 3128 1170 3197 saeta

9 3227 17 3242 .
124 3215 153 3228 -
173 3183 233 3244 267.
258 3201 383 3258 mentem,
410 3207 460 3260 etp.
489 3197 556 3262 eam]
580 3225 615 3236 -
650 3199 756 3266 pftepan‘
776 3199 900 3266 onrare]
915 3193 1024 3250 -291,
1044 3198 1169 3259 deserta,

116 3252 177 3314 283.
194 3257 359 3325 pisentiana,
377 3261 395 3327 f,
412 3261 443 3314 Α.
460 3259 615 3331 27741-
650 3265 706 3321 uerit
724 3266 828 3334 aduatici)
847 3279 894 3322 aaa
911 3267 963 3350 iipap
975 3265 1033 3321 teia
1052 3267 1169 3336 Qidpta
