<?xml version="1.0" encoding="UTF-8"?>
<!DOCTYPE html PUBLIC "-//W3C//DTD XHTML 1.0 Transitional//EN"
    "http://www.w3.org/TR/xhtml1/DTD/xhtml1-transitional.dtd">
<html xmlns="http://www.w3.org/1999/xhtml" xml:lang="en" lang="en">
 <head>
  <title>
</title>
<meta http-equiv="Content-Type" content="text/html;charset=utf-8" />
  <meta name='ocr-system' content='tesseract 3.04.00' />
  <meta name='ocr-capabilities' content='ocr_page ocr_carea ocr_par ocr_line ocrx_word'/>
</head>
<body>
  <div class='ocr_page' id='page_1' title='image "./pvirgiliimaroni16virggoog_0335.png"; bbox 0 0 2412 3630; ppageno 0'>
   <div class='ocr_carea' id='block_1_1' title="bbox 301 135 1189 276">
    <p class='ocr_par' dir='ltr' id='par_1_1' title="bbox 301 135 1189 276">
     <span class='ocr_line' id='line_1_1' title="bbox 301 135 1189 276; baseline 0.015 -36"><span class='ocrx_word' id='word_1_1' title='bbox 301 183 384 240; x_wconf 63' lang='grc' dir='ltr'>ΑΒ.</span> <span class='ocrx_word' id='word_1_2' title='bbox 402 182 517 238; x_wconf 75' lang='lat' dir='ltr'>hlBER</span> <span class='ocrx_word' id='word_1_3' title='bbox 533 183 581 238; x_wconf 80' lang='lat'>11.</span> <span class='ocrx_word' id='word_1_4' title='bbox 598 199 625 236; x_wconf 79' lang='lat' dir='ltr'>e.</span> <span class='ocrx_word' id='word_1_5' title='bbox 642 135 845 238; x_wconf 63' lang='grc' dir='ltr'>θῚῖ--Ὶωτι</span> <span class='ocrx_word' id='word_1_6' title='bbox 932 268 937 276; x_wconf 23' lang='grc' dir='ltr'><strong><em>ι</em></strong></span> <span class='ocrx_word' id='word_1_7' title='bbox 1020 185 1084 250; x_wconf 65' lang='grc'>161</span> <span class='ocrx_word' id='word_1_8' title='bbox 1187 195 1189 200; x_wconf 82' lang='grc'><strong>’</strong></span> 
     </span>
    </p>
   </div>
   <div class='ocr_carea' id='block_1_2' title="bbox 11 277 1088 3058">
    <p class='ocr_par' dir='ltr' id='par_1_2' title="bbox 11 277 1088 3058">
     <span class='ocr_line' id='line_1_2' title="bbox 493 277 505 306; baseline 0 0"><span class='ocrx_word' id='word_1_9' title='bbox 493 277 505 306; x_wconf 79' lang='lat'><em>0</em></span> 
     </span>
     <span class='ocr_line' id='line_1_3' title="bbox 45 320 832 397; baseline 0.005 -17"><span class='ocrx_word' id='word_1_10' title='bbox 45 320 114 382; x_wconf 86' lang='lat' dir='ltr'>Dum</span> <span class='ocrx_word' id='word_1_11' title='bbox 134 321 213 384; x_wconf 89' lang='lat' dir='ltr'>subit</span> <span class='ocrx_word' id='word_1_12' title='bbox 234 341 269 382; x_wconf 87' lang='lat' dir='ltr'>ac</span> <span class='ocrx_word' id='word_1_13' title='bbox 290 322 419 386; x_wconf 83' lang='lat' dir='ltr'>dextram</span> <span class='ocrx_word' id='word_1_14' title='bbox 436 323 545 386; x_wconf 87' lang='lat' dir='ltr'>labenti</span> <span class='ocrx_word' id='word_1_15' title='bbox 567 323 657 384; x_wconf 89' lang='lat' dir='ltr'>tendit</span> <span class='ocrx_word' id='word_1_16' title='bbox 677 324 832 397; x_wconf 88' lang='lat' dir='ltr'>inermem,</span> 
     </span>
     <span class='ocr_line' id='line_1_4' title="bbox 46 404 1001 489; baseline 0.006 -25"><span class='ocrx_word' id='word_1_17' title='bbox 46 404 212 488; x_wconf 71' lang='lat' dir='ltr'><strong>Praecipites</strong></span> <span class='ocrx_word' id='word_1_18' title='bbox 234 409 399 489; x_wconf 76' lang='lat' dir='ltr'>pariterque</span> <span class='ocrx_word' id='word_1_19' title='bbox 421 419 519 470; x_wconf 89' lang='lat' dir='ltr'>ruunt.</span> <span class='ocrx_word' id='word_1_20' title='bbox 565 409 617 470; x_wconf 88' lang='lat' dir='ltr'>llis</span> <span class='ocrx_word' id='word_1_21' title='bbox 638 409 716 470; x_wconf 85' lang='lat' dir='ltr'>addit</span> <span class='ocrx_word' id='word_1_22' title='bbox 737 411 902 472; x_wconf 83' lang='lat' dir='ltr'>Amustrrnn</span> <span class='ocrx_word' id='word_1_23' title='bbox 928 435 931 444; x_wconf 58' lang='lat'><strong><em>⁴</em></strong></span> <span class='ocrx_word' id='word_1_24' title='bbox 995 433 1001 442; x_wconf 90' lang='lat'>·</span> 
     </span>
     <span class='ocr_line' id='line_1_5' title="bbox 45 489 885 575; baseline 0.007 -25"><span class='ocrx_word' id='word_1_25' title='bbox 45 491 234 574; x_wconf 76' lang='lat' dir='ltr'>Hippotaden,</span> <span class='ocrx_word' id='word_1_26' title='bbox 264 495 454 575; x_wconf 78' lang='lat' dir='ltr'>sequiturque</span> <span class='ocrx_word' id='word_1_27' title='bbox 475 495 648 556; x_wconf 85' lang='lat' dir='ltr'>incumbens</span> <span class='ocrx_word' id='word_1_28' title='bbox 670 489 885 557; x_wconf 67' lang='lat' dir='ltr'>eminusbasta</span> 
     </span>
     <span class='ocr_line' id='line_1_6' title="bbox 11 575 1083 663; baseline 0.005 -28"><span class='ocrx_word' id='word_1_29' title='bbox 11 619 14 628; x_wconf 77' lang='lat'>.</span> <span class='ocrx_word' id='word_1_30' title='bbox 45 575 183 660; x_wconf 78' lang='lat' dir='ltr'>Tereaque</span> <span class='ocrx_word' id='word_1_31' title='bbox 205 579 457 662; x_wconf 80' lang='lat' dir='ltr'>Harpalycumque</span> <span class='ocrx_word' id='word_1_32' title='bbox 479 590 507 640; x_wconf 91' lang='lat' dir='ltr'>et</span> <span class='ocrx_word' id='word_1_33' title='bbox 529 580 745 660; x_wconf 73' lang='lat' dir='ltr'>Demophoonta</span> <span class='ocrx_word' id='word_1_34' title='bbox 769 581 1000 663; x_wconf 82' lang='lat' dir='ltr'>Chromimque3¹</span> <span class='ocrx_word' id='word_1_35' title='bbox 1020 589 1083 640; x_wconf 73' lang='lat' dir='ltr'>stt</span> 
     </span>
     <span class='ocr_line' id='line_1_7' title="bbox 45 660 1034 747; baseline 0.005 -24"><span class='ocrx_word' id='word_1_36' title='bbox 45 660 172 746; x_wconf 84' lang='lat' dir='ltr'>Quotque</span> <span class='ocrx_word' id='word_1_37' title='bbox 194 665 302 725; x_wconf 88' lang='lat' dir='ltr'>emissa</span> <span class='ocrx_word' id='word_1_38' title='bbox 323 685 411 724; x_wconf 81' lang='lat' dir='ltr'>manu</span> <span class='ocrx_word' id='word_1_39' title='bbox 434 665 571 726; x_wconf 73' lang='lat' dir='ltr'>contorsit</span> <span class='ocrx_word' id='word_1_40' title='bbox 593 667 706 747; x_wconf 89' lang='lat' dir='ltr'>spicula</span> <span class='ocrx_word' id='word_1_41' title='bbox 728 668 827 746; x_wconf 87' lang='lat' dir='ltr'>virgo,</span> <span class='ocrx_word' id='word_1_42' title='bbox 1030 683 1034 691; x_wconf 83' lang='lat'>‘</span> 
     </span>
     <span class='ocr_line' id='line_1_8' title="bbox 44 747 878 834; baseline 0.008 -28"><span class='ocrx_word' id='word_1_43' title='bbox 44 747 91 808; x_wconf 84' lang='lat' dir='ltr'>Tot</span> <span class='ocrx_word' id='word_1_44' title='bbox 110 749 227 831; x_wconf 82' lang='lat' dir='ltr'>Phrygii</span> <span class='ocrx_word' id='word_1_45' title='bbox 250 750 381 812; x_wconf 82' lang='lat' dir='ltr'>cecidere</span> <span class='ocrx_word' id='word_1_46' title='bbox 403 751 466 810; x_wconf 90' lang='lat' dir='ltr'>viri.</span> <span class='ocrx_word' id='word_1_47' title='bbox 512 751 616 812; x_wconf 88' lang='lat' dir='ltr'>Procul</span> <span class='ocrx_word' id='word_1_48' title='bbox 640 751 767 834; x_wconf 83' lang='lat' dir='ltr'>Ornytus</span> <span class='ocrx_word' id='word_1_49' title='bbox 789 753 878 814; x_wconf 89' lang='lat' dir='ltr'>ermis</span> 
     </span>
     <span class='ocr_line' id='line_1_9' title="bbox 20 833 690 918; baseline 0.006 -26"><span class='ocrx_word' id='word_1_50' title='bbox 20 833 146 912; x_wconf 81' lang='lat' dir='ltr'>&#39;lgnotis</span> <span class='ocrx_word' id='word_1_51' title='bbox 168 844 195 894; x_wconf 88' lang='lat' dir='ltr'>et</span> <span class='ocrx_word' id='word_1_52' title='bbox 217 856 294 918; x_wconf 92' lang='lat' dir='ltr'>equo</span> <span class='ocrx_word' id='word_1_53' title='bbox 316 845 434 896; x_wconf 89' lang='lat' dir='ltr'>venator</span> <span class='ocrx_word' id='word_1_54' title='bbox 456 837 564 918; x_wconf 87' lang='lat' dir='ltr'>lapyge</span> <span class='ocrx_word' id='word_1_55' title='bbox 586 837 690 905; x_wconf 86' lang='lat' dir='ltr'>iertur,</span> 
     </span>
     <span class='ocr_line' id='line_1_10' title="bbox 44 919 721 1001; baseline 0.003 -21"><span class='ocrx_word' id='word_1_56' title='bbox 44 919 92 980; x_wconf 87' lang='lat' dir='ltr'>Cui</span> <span class='ocrx_word' id='word_1_57' title='bbox 114 919 197 1000; x_wconf 91' lang='lat' dir='ltr'>pellis</span> <span class='ocrx_word' id='word_1_58' title='bbox 220 921 293 982; x_wconf 90' lang='lat' dir='ltr'>latos</span> <span class='ocrx_word' id='word_1_59' title='bbox 315 920 454 984; x_wconf 84' lang='lat' dir='ltr'>humeros</span> <span class='ocrx_word' id='word_1_60' title='bbox 475 932 572 1001; x_wconf 89' lang='lat' dir='ltr'>erepta</span> <span class='ocrx_word' id='word_1_61' title='bbox 596 923 721 983; x_wconf 88' lang='lat' dir='ltr'>iuuenco</span> 
     </span>
     <span class='ocr_line' id='line_1_11' title="bbox 43 1005 761 1088; baseline 0.01 -24"><span class='ocrx_word' id='word_1_62' title='bbox 43 1005 192 1084; x_wconf 86' lang='lat' dir='ltr'>Pugnatori</span> <span class='ocrx_word' id='word_1_63' title='bbox 215 1007 332 1088; x_wconf 77' lang='lat' dir='ltr'>operit,</span> <span class='ocrx_word' id='word_1_64' title='bbox 355 1017 441 1088; x_wconf 89' lang='lat' dir='ltr'>caput</span> <span class='ocrx_word' id='word_1_65' title='bbox 463 1007 567 1086; x_wconf 85' lang='lat' dir='ltr'>ingens</span> <span class='ocrx_word' id='word_1_66' title='bbox 582 1009 643 1068; x_wconf 91' lang='lat' dir='ltr'>oris</span> <span class='ocrx_word' id='word_1_67' title='bbox 666 1007 761 1070; x_wconf 82' lang='lat' dir='ltr'>hiatus</span> 
     </span>
     <span class='ocr_line' id='line_1_12' title="bbox 44 1090 738 1174; baseline 0.006 -24"><span class='ocrx_word' id='word_1_68' title='bbox 44 1090 74 1150; x_wconf 89' lang='lat' dir='ltr'>Et</span> <span class='ocrx_word' id='word_1_69' title='bbox 93 1091 183 1151; x_wconf 89' lang='lat' dir='ltr'>malae</span> <span class='ocrx_word' id='word_1_70' title='bbox 204 1101 300 1154; x_wconf 82' lang='lat' dir='ltr'>texere</span> <span class='ocrx_word' id='word_1_71' title='bbox 323 1091 383 1174; x_wconf 88' lang='lat' dir='ltr'>lupi</span> <span class='ocrx_word' id='word_1_72' title='bbox 407 1112 475 1152; x_wconf 93' lang='lat' dir='ltr'>cum</span> <span class='ocrx_word' id='word_1_73' title='bbox 498 1092 632 1154; x_wconf 89' lang='lat' dir='ltr'>dentibus</span> <span class='ocrx_word' id='word_1_74' title='bbox 649 1092 738 1165; x_wconf 88' lang='lat' dir='ltr'>albis,</span> 
     </span>
     <span class='ocr_line' id='line_1_13' title="bbox 43 1177 839 1259; baseline 0.001 -23"><span class='ocrx_word' id='word_1_75' title='bbox 43 1177 225 1258; x_wconf 80' lang='lat' dir='ltr'>Agrestisque</span> <span class='ocrx_word' id='word_1_76' title='bbox 241 1197 345 1240; x_wconf 90' lang='lat' dir='ltr'>manus</span> <span class='ocrx_word' id='word_1_77' title='bbox 367 1187 458 1240; x_wconf 85' lang='lat' dir='ltr'>armat</span> <span class='ocrx_word' id='word_1_78' title='bbox 480 1197 601 1259; x_wconf 82' lang='lat' dir='ltr'>sparus3</span> <span class='ocrx_word' id='word_1_79' title='bbox 631 1177 695 1258; x_wconf 89' lang='lat' dir='ltr'>ipse</span> <span class='ocrx_word' id='word_1_80' title='bbox 717 1178 839 1240; x_wconf 86' lang='lat' dir='ltr'>catervis</span> 
     </span>
     <span class='ocr_line' id='line_1_14' title="bbox 43 1261 784 1343; baseline 0.001 -23"><span class='ocrx_word' id='word_1_81' title='bbox 43 1261 159 1322; x_wconf 79' lang='lat' dir='ltr'>Vertitur</span> <span class='ocrx_word' id='word_1_82' title='bbox 181 1263 209 1322; x_wconf 93' lang='lat' dir='ltr'>in</span> <span class='ocrx_word' id='word_1_83' title='bbox 233 1264 335 1326; x_wconf 90' lang='lat' dir='ltr'>mediis</span> <span class='ocrx_word' id='word_1_84' title='bbox 358 1273 387 1324; x_wconf 94' lang='lat' dir='ltr'>et</span> <span class='ocrx_word' id='word_1_85' title='bbox 408 1273 471 1324; x_wconf 90' lang='lat' dir='ltr'>toto</span> <span class='ocrx_word' id='word_1_86' title='bbox 492 1265 598 1324; x_wconf 84' lang='lat' dir='ltr'>uertice</span> <span class='ocrx_word' id='word_1_87' title='bbox 621 1283 707 1343; x_wconf 89' lang='lat' dir='ltr'>supra</span> <span class='ocrx_word' id='word_1_88' title='bbox 731 1272 784 1323; x_wconf 87' lang='lat' dir='ltr'>est.</span> 
     </span>
     <span class='ocr_line' id='line_1_15' title="bbox 43 1347 968 1430; baseline 0.002 -24"><span class='ocrx_word' id='word_1_89' title='bbox 43 1347 122 1408; x_wconf 87' lang='lat' dir='ltr'>llunc</span> <span class='ocrx_word' id='word_1_90' title='bbox 143 1348 190 1408; x_wconf 92' lang='lat' dir='ltr'>illa</span> <span class='ocrx_word' id='word_1_91' title='bbox 213 1357 378 1430; x_wconf 74' lang='lat' dir='ltr'>esceptum,</span> <span class='ocrx_word' id='word_1_92' title='bbox 408 1350 603 1429; x_wconf 89' lang='lat' dir='ltr'>nequeenim</span> <span class='ocrx_word' id='word_1_93' title='bbox 625 1349 709 1409; x_wconf 84' lang='lat' dir='ltr'>labor</span> <span class='ocrx_word' id='word_1_94' title='bbox 730 1348 845 1426; x_wconf 80' lang='lat' dir='ltr'>agmine</span> <span class='ocrx_word' id='word_1_95' title='bbox 867 1365 968 1415; x_wconf 89' lang='lat' dir='ltr'>verso,</span> 
     </span>
     <span class='ocr_line' id='line_1_16' title="bbox 43 1430 1083 1516; baseline 0 -26"><span class='ocrx_word' id='word_1_96' title='bbox 43 1430 161 1505; x_wconf 81' lang='lat' dir='ltr'>Traiicit,</span> <span class='ocrx_word' id='word_1_97' title='bbox 191 1442 220 1494; x_wconf 88' lang='lat' dir='ltr'>et</span> <span class='ocrx_word' id='word_1_98' title='bbox 242 1435 424 1515; x_wconf 77' lang='lat' dir='ltr'>superhaec</span> <span class='ocrx_word' id='word_1_99' title='bbox 446 1435 564 1496; x_wconf 88' lang='lat' dir='ltr'>inimico</span> <span class='ocrx_word' id='word_1_100' title='bbox 586 1443 702 1514; x_wconf 87' lang='lat' dir='ltr'>pectore</span> <span class='ocrx_word' id='word_1_101' title='bbox 725 1435 815 1493; x_wconf 86' lang='lat' dir='ltr'>latur:</span> <span class='ocrx_word' id='word_1_102' title='bbox 880 1505 883 1516; x_wconf 68' lang='lat'>,</span> <span class='ocrx_word' id='word_1_103' title='bbox 1021 1439 1083 1490; x_wconf 72' lang='lat' dir='ltr'>est</span> 
     </span>
     <span class='ocr_line' id='line_1_17' title="bbox 29 1515 767 1601; baseline 0.003 -24"><span class='ocrx_word' id='word_1_104' title='bbox 29 1515 123 1579; x_wconf 84' lang='lat' dir='ltr'>&#39;Silvis</span> <span class='ocrx_word' id='word_1_105' title='bbox 144 1528 189 1594; x_wconf 91' lang='lat' dir='ltr'>te,</span> <span class='ocrx_word' id='word_1_106' title='bbox 219 1519 380 1601; x_wconf 86' lang='lat' dir='ltr'>Tyrrhena,</span> <span class='ocrx_word' id='word_1_107' title='bbox 410 1520 486 1582; x_wconf 86' lang='lat' dir='ltr'>ieras</span> <span class='ocrx_word' id='word_1_108' title='bbox 509 1522 617 1597; x_wconf 82' lang='lat' dir='ltr'>agitare</span> <span class='ocrx_word' id='word_1_109' title='bbox 640 1515 767 1601; x_wconf 70' lang='lat' dir='ltr'>putasti?</span> 
     </span>
     <span class='ocr_line' id='line_1_18' title="bbox 43 1593 757 1686; baseline 0.006 -24"><span class='ocrx_word' id='word_1_110' title='bbox 43 1603 155 1664; x_wconf 80' lang='lat' dir='ltr'>Advenit</span> <span class='ocrx_word' id='word_1_111' title='bbox 176 1605 227 1686; x_wconf 88' lang='lat' dir='ltr'>qui</span> <span class='ocrx_word' id='word_1_112' title='bbox 250 1615 344 1668; x_wconf 89' lang='lat' dir='ltr'>vestra</span> <span class='ocrx_word' id='word_1_113' title='bbox 367 1605 430 1667; x_wconf 90' lang='lat' dir='ltr'>dies</span> <span class='ocrx_word' id='word_1_114' title='bbox 445 1606 644 1668; x_wconf 78' lang='lat' dir='ltr'>muliebribus</span> <span class='ocrx_word' id='word_1_115' title='bbox 666 1593 757 1666; x_wconf 84' lang='lat' dir='ltr'>armis</span> 
     </span>
     <span class='ocr_line' id='line_1_19' title="bbox 44 1687 930 1770; baseline 0.002 -22"><span class='ocrx_word' id='word_1_116' title='bbox 44 1687 129 1750; x_wconf 90' lang='lat' dir='ltr'>llerba</span> <span class='ocrx_word' id='word_1_117' title='bbox 151 1690 338 1770; x_wconf 85' lang='lat' dir='ltr'>redarguerit.</span> <span class='ocrx_word' id='word_1_118' title='bbox 382 1691 492 1752; x_wconf 89' lang='lat' dir='ltr'>Nomen</span> <span class='ocrx_word' id='word_1_119' title='bbox 515 1702 610 1753; x_wconf 90' lang='lat' dir='ltr'>tamen</span> <span class='ocrx_word' id='word_1_120' title='bbox 632 1691 708 1752; x_wconf 85' lang='lat' dir='ltr'>haud</span> <span class='ocrx_word' id='word_1_121' title='bbox 732 1691 795 1750; x_wconf 83' lang='lat' dir='ltr'>leue</span> <span class='ocrx_word' id='word_1_122' title='bbox 817 1697 930 1770; x_wconf 83' lang='lat' dir='ltr'>petrum</span> 
     </span>
     <span class='ocr_line' id='line_1_20' title="bbox 43 1772 816 1846; baseline 0.001 -13"><span class='ocrx_word' id='word_1_123' title='bbox 43 1772 172 1837; x_wconf 83' lang='lat' dir='ltr'>Manibus</span> <span class='ocrx_word' id='word_1_124' title='bbox 194 1777 251 1836; x_wconf 90' lang='lat' dir='ltr'>hoe</span> <span class='ocrx_word' id='word_1_125' title='bbox 273 1777 395 1846; x_wconf 82' lang='lat' dir='ltr'>referes,</span> <span class='ocrx_word' id='word_1_126' title='bbox 425 1778 482 1838; x_wconf 91' lang='lat' dir='ltr'>telo</span> <span class='ocrx_word' id='word_1_127' title='bbox 504 1777 646 1841; x_wconf 87' lang='lat' dir='ltr'>cecidisse</span> <span class='ocrx_word' id='word_1_128' title='bbox 669 1776 816 1838; x_wconf 88' lang='lat' dir='ltr'>Camillae.</span> 
     </span>
     <span class='ocr_line' id='line_1_21' title="bbox 44 1854 1087 1936; baseline 0.001 -20"><span class='ocrx_word' id='word_1_129' title='bbox 44 1854 173 1922; x_wconf 80' lang='lat' dir='ltr'>Protinus</span> <span class='ocrx_word' id='word_1_130' title='bbox 195 1861 381 1926; x_wconf 78' lang='lat' dir='ltr'>Orsilochum</span> <span class='ocrx_word' id='word_1_131' title='bbox 404 1871 432 1924; x_wconf 90' lang='lat' dir='ltr'>et</span> <span class='ocrx_word' id='word_1_132' title='bbox 453 1863 563 1936; x_wconf 88' lang='lat' dir='ltr'>Buten,</span> <span class='ocrx_word' id='word_1_133' title='bbox 592 1863 652 1924; x_wconf 93' lang='lat' dir='ltr'>duo</span> <span class='ocrx_word' id='word_1_134' title='bbox 674 1861 964 1934; x_wconf 76' lang='lat' dir='ltr'>maximaleucrum</span> <span class='ocrx_word' id='word_1_135' title='bbox 1022 1866 1087 1918; x_wconf 75' lang='lat' dir='ltr'>etto</span> 
     </span>
     <span class='ocr_line' id='line_1_22' title="bbox 46 1945 760 2030; baseline 0.004 -25"><span class='ocrx_word' id='word_1_136' title='bbox 46 1945 179 2027; x_wconf 83' lang='lat' dir='ltr'>Corpora,</span> <span class='ocrx_word' id='word_1_137' title='bbox 210 1947 262 2010; x_wconf 90' lang='lat' dir='ltr'>sed</span> <span class='ocrx_word' id='word_1_138' title='bbox 284 1949 374 2008; x_wconf 78' lang='lat' dir='ltr'>buten</span> <span class='ocrx_word' id='word_1_139' title='bbox 397 1968 533 2012; x_wconf 79' lang='lat' dir='ltr'>auersum</span> <span class='ocrx_word' id='word_1_140' title='bbox 556 1949 679 2030; x_wconf 86' lang='lat' dir='ltr'>cuspide</span> <span class='ocrx_word' id='word_1_141' title='bbox 700 1949 760 2008; x_wconf 85' lang='lat' dir='ltr'>fixit</span> 
     </span>
     <span class='ocr_line' id='line_1_23' title="bbox 46 2026 811 2118; baseline 0.005 -28"><span class='ocrx_word' id='word_1_142' title='bbox 46 2028 169 2118; x_wconf 76' lang='lat' dir='ltr'>Loricam</span> <span class='ocrx_word' id='word_1_143' title='bbox 193 2033 366 2116; x_wconf 81' lang='lat' dir='ltr'>galeamque</span> <span class='ocrx_word' id='word_1_144' title='bbox 388 2035 477 2108; x_wconf 91' lang='lat' dir='ltr'>inter,</span> <span class='ocrx_word' id='word_1_145' title='bbox 507 2055 564 2115; x_wconf 89' lang='lat' dir='ltr'>qua</span> <span class='ocrx_word' id='word_1_146' title='bbox 587 2026 661 2096; x_wconf 77' lang='lat' dir='ltr'>colla</span> <span class='ocrx_word' id='word_1_147' title='bbox 684 2033 811 2095; x_wconf 90' lang='lat' dir='ltr'>sedentis</span> 
     </span>
     <span class='ocr_line' id='line_1_24' title="bbox 47 2113 866 2201; baseline 0.004 -27"><span class='ocrx_word' id='word_1_148' title='bbox 47 2113 171 2191; x_wconf 81' lang='lat' dir='ltr'>lucent,-</span> <span class='ocrx_word' id='word_1_149' title='bbox 192 2127 221 2180; x_wconf 92' lang='lat' dir='ltr'>et</span> <span class='ocrx_word' id='word_1_150' title='bbox 236 2119 319 2182; x_wconf 88' lang='lat' dir='ltr'>laevo</span> <span class='ocrx_word' id='word_1_151' title='bbox 341 2119 482 2200; x_wconf 89' lang='lat' dir='ltr'>dependet</span> <span class='ocrx_word' id='word_1_152' title='bbox 504 2141 603 2201; x_wconf 88' lang='lat' dir='ltr'>parma</span> <span class='ocrx_word' id='word_1_153' title='bbox 627 2119 749 2192; x_wconf 84' lang='lat' dir='ltr'>lacert03</span> <span class='ocrx_word' id='word_1_154' title='bbox 863 2139 866 2148; x_wconf 92' lang='lat'><em>·</em></span> 
     </span>
     <span class='ocr_line' id='line_1_25' title="bbox 48 2199 1014 2291; baseline -0.001 -31"><span class='ocrx_word' id='word_1_155' title='bbox 48 2199 242 2277; x_wconf 85' lang='lat' dir='ltr'>Orsilochum,</span> <span class='ocrx_word' id='word_1_156' title='bbox 273 2206 389 2286; x_wconf 83' lang='lat' dir='ltr'>lugiens</span> <span class='ocrx_word' id='word_1_157' title='bbox 412 2226 611 2286; x_wconf 88' lang='lat' dir='ltr'>magnumque</span> <span class='ocrx_word' id='word_1_158' title='bbox 632 2205 737 2283; x_wconf 87' lang='lat' dir='ltr'>agitata</span> <span class='ocrx_word' id='word_1_159' title='bbox 759 2205 812 2283; x_wconf 90' lang='lat' dir='ltr'>pe&#39;r</span> <span class='ocrx_word' id='word_1_160' title='bbox 833 2199 948 2274; x_wconf 72' lang='lat' dir='ltr'>orben,</span> <span class='ocrx_word' id='word_1_161' title='bbox 1010 2281 1014 2291; x_wconf 37' lang='grc' dir='ltr'>Ι</span> 
     </span>
     <span class='ocr_line' id='line_1_26' title="bbox 48 2284 1085 2374; baseline 0.001 -28"><span class='ocrx_word' id='word_1_162' title='bbox 48 2284 135 2349; x_wconf 84' lang='lat' dir='ltr'>Eludit</span> <span class='ocrx_word' id='word_1_163' title='bbox 156 2309 230 2371; x_wconf 86' lang='lat' dir='ltr'>gyro</span> <span class='ocrx_word' id='word_1_164' title='bbox 252 2290 369 2352; x_wconf 89' lang='lat' dir='ltr'>interior</span> <span class='ocrx_word' id='word_1_165' title='bbox 390 2292 580 2374; x_wconf 91' lang='lat' dir='ltr'>sequiturque</span> <span class='ocrx_word' id='word_1_166' title='bbox 602 2298 788 2372; x_wconf 85' lang='lat' dir='ltr'>sequentem,</span> <span class='ocrx_word' id='word_1_167' title='bbox 1024 2291 1085 2342; x_wconf 71' lang='grc'>695</span> 
     </span>
     <span class='ocr_line' id='line_1_27' title="bbox 48 2369 970 2459; baseline -0.002 -28"><span class='ocrx_word' id='word_1_168' title='bbox 48 2370 111 2436; x_wconf 86' lang='lat' dir='ltr'>Tum</span> <span class='ocrx_word' id='word_1_169' title='bbox 132 2375 257 2436; x_wconf 86' lang='lat' dir='ltr'>validam</span> <span class='ocrx_word' id='word_1_170' title='bbox 280 2397 389 2459; x_wconf 93' lang='lat' dir='ltr'>perque</span> <span class='ocrx_word' id='word_1_171' title='bbox 412 2397 491 2438; x_wconf 88' lang='lat' dir='ltr'>arma</span> <span class='ocrx_word' id='word_1_172' title='bbox 512 2379 576 2438; x_wconf 91' lang='lat' dir='ltr'>viro</span> <span class='ocrx_word' id='word_1_173' title='bbox 598 2395 709 2458; x_wconf 89' lang='lat' dir='ltr'>perque</span> <span class='ocrx_word' id='word_1_174' title='bbox 731 2391 799 2435; x_wconf 91' lang='lat' dir='ltr'>ossa</span> <span class='ocrx_word' id='word_1_175' title='bbox 827 2369 970 2442; x_wconf 88' lang='lat' dir='ltr'>securim,</span> 
     </span>
     <span class='ocr_line' id='line_1_28' title="bbox 15 2458 763 2542; baseline 0.004 -27"><span class='ocrx_word' id='word_1_176' title='bbox 15 2531 16 2536; x_wconf 8' lang='grc' dir='ltr'>η</span> <span class='ocrx_word' id='word_1_177' title='bbox 48 2458 128 2520; x_wconf 76' lang='lat' dir='ltr'>Altior</span> <span class='ocrx_word' id='word_1_178' title='bbox 149 2481 325 2541; x_wconf 88' lang='lat' dir='ltr'>exsurgens,</span> <span class='ocrx_word' id='word_1_179' title='bbox 356 2464 448 2526; x_wconf 90' lang='lat' dir='ltr'>oranti</span> <span class='ocrx_word' id='word_1_180' title='bbox 471 2471 499 2523; x_wconf 91' lang='lat' dir='ltr'>et</span> <span class='ocrx_word' id='word_1_181' title='bbox 520 2463 612 2523; x_wconf 87' lang='lat' dir='ltr'>multa</span> <span class='ocrx_word' id='word_1_182' title='bbox 635 2458 763 2542; x_wconf 88' lang='lat' dir='ltr'>precanti</span> 
     </span>
     <span class='ocr_line' id='line_1_29' title="bbox 14 2543 928 2632; baseline -0.001 -28"><span class='ocrx_word' id='word_1_183' title='bbox 14 2597 15 2604; x_wconf 72' lang='grc'>,</span> <span class='ocrx_word' id='word_1_184' title='bbox 49 2543 247 2626; x_wconf 81' lang='lat' dir='ltr'>Congeminat3</span> <span class='ocrx_word' id='word_1_185' title='bbox 277 2548 385 2618; x_wconf 88' lang='lat' dir='ltr'>uulnus</span> <span class='ocrx_word' id='word_1_186' title='bbox 407 2548 502 2608; x_wconf 88' lang='lat' dir='ltr'>calido</span> <span class='ocrx_word' id='word_1_187' title='bbox 525 2549 599 2628; x_wconf 87' lang='lat' dir='ltr'>rigat</span> <span class='ocrx_word' id='word_1_188' title='bbox 621 2568 671 2608; x_wconf 91' lang='lat' dir='ltr'>ora</span> <span class='ocrx_word' id='word_1_189' title='bbox 693 2544 820 2632; x_wconf 79' lang='lat' dir='ltr'>cerebro.</span> <span class='ocrx_word' id='word_1_190' title='bbox 926 2581 928 2586; x_wconf 83' lang='lat'><em>.</em></span> 
     </span>
     <span class='ocr_line' id='line_1_30' title="bbox 49 2627 806 2715; baseline 0.004 -29"><span class='ocrx_word' id='word_1_191' title='bbox 49 2627 142 2692; x_wconf 92' lang='lat' dir='ltr'>lncidit</span> <span class='ocrx_word' id='word_1_192' title='bbox 163 2632 233 2694; x_wconf 89' lang='lat' dir='ltr'>huic</span> <span class='ocrx_word' id='word_1_193' title='bbox 255 2633 409 2715; x_wconf 91' lang='lat' dir='ltr'>subitoque</span> <span class='ocrx_word' id='word_1_194' title='bbox 432 2643 552 2712; x_wconf 87' lang='lat' dir='ltr'>aspectu</span> <span class='ocrx_word' id='word_1_195' title='bbox 575 2634 692 2695; x_wconf 88' lang='lat' dir='ltr'>territus</span> <span class='ocrx_word' id='word_1_196' title='bbox 714 2630 806 2691; x_wconf 84' lang='lat' dir='ltr'>haesit</span> 
     </span>
     <span class='ocr_line' id='line_1_31' title="bbox 48 2709 1088 2797; baseline 0.007 -25"><span class='ocrx_word' id='word_1_197' title='bbox 48 2715 284 2797; x_wconf 78' lang='lat' dir='ltr'>Appenninicolae</span> <span class='ocrx_word' id='word_1_198' title='bbox 307 2719 430 2780; x_wconf 90' lang='lat' dir='ltr'>bellator</span> <span class='ocrx_word' id='word_1_199' title='bbox 451 2719 529 2780; x_wconf 89' lang='lat' dir='ltr'>filius</span> <span class='ocrx_word' id='word_1_200' title='bbox 551 2721 640 2790; x_wconf 83' lang='lat' dir='ltr'>huni,</span> <span class='ocrx_word' id='word_1_201' title='bbox 979 2709 987 2720; x_wconf 55' lang='grc'><strong>’</strong></span> <span class='ocrx_word' id='word_1_202' title='bbox 1019 2717 1088 2770; x_wconf 82' lang='lat'>&#39;⁷⁰⁰</span> 
     </span>
     <span class='ocr_line' id='line_1_32' title="bbox 49 2798 972 2884; baseline 0 -26"><span class='ocrx_word' id='word_1_203' title='bbox 49 2798 123 2863; x_wconf 88' lang='lat' dir='ltr'>Haud</span> <span class='ocrx_word' id='word_1_204' title='bbox 146 2803 285 2884; x_wconf 81' lang='lat' dir='ltr'>Ligurum</span> <span class='ocrx_word' id='word_1_205' title='bbox 308 2815 482 2882; x_wconf 53' lang='lat' dir='ltr'>extremus,</span> <span class='ocrx_word' id='word_1_206' title='bbox 499 2805 568 2865; x_wconf 91' lang='lat' dir='ltr'>dum</span> <span class='ocrx_word' id='word_1_207' title='bbox 591 2805 689 2864; x_wconf 85' lang='lat' dir='ltr'>lallare</span> <span class='ocrx_word' id='word_1_208' title='bbox 711 2798 929 2862; x_wconf 49' lang='lat' dir='ltr'>latafsinebnut.</span> <span class='ocrx_word' id='word_1_209' title='bbox 966 2833 972 2841; x_wconf 91' lang='lat'>·</span> 
     </span>
     <span class='ocr_line' id='line_1_33' title="bbox 50 2883 856 2969; baseline -0.001 -24"><span class='ocrx_word' id='word_1_210' title='bbox 50 2883 144 2968; x_wconf 90' lang='lat' dir='ltr'>lsque,</span> <span class='ocrx_word' id='word_1_211' title='bbox 175 2890 224 2950; x_wconf 92' lang='lat' dir='ltr'>ubi</span> <span class='ocrx_word' id='word_1_212' title='bbox 247 2909 280 2951; x_wconf 89' lang='lat' dir='ltr'>se</span> <span class='ocrx_word' id='word_1_213' title='bbox 303 2891 384 2951; x_wconf 91' lang='lat' dir='ltr'>nullo</span> <span class='ocrx_word' id='word_1_214' title='bbox 408 2892 463 2950; x_wconf 90' lang='lat' dir='ltr'>iarn</span> <span class='ocrx_word' id='word_1_215' title='bbox 487 2910 575 2951; x_wconf 89' lang='lat' dir='ltr'>cursu</span> <span class='ocrx_word' id='word_1_216' title='bbox 599 2889 719 2950; x_wconf 86' lang='lat' dir='ltr'>evadere</span> <span class='ocrx_word' id='word_1_217' title='bbox 742 2903 856 2969; x_wconf 87' lang='lat' dir='ltr'>pugnae</span> 
     </span>
     <span class='ocr_line' id='line_1_34' title="bbox 51 2966 854 3058; baseline -0.002 -27"><span class='ocrx_word' id='word_1_218' title='bbox 51 2966 134 3037; x_wconf 90' lang='lat' dir='ltr'>Posse</span> <span class='ocrx_word' id='word_1_219' title='bbox 155 2995 251 3058; x_wconf 87' lang='lat' dir='ltr'>neque</span> <span class='ocrx_word' id='word_1_220' title='bbox 273 2971 424 3042; x_wconf 81' lang='lat' dir='ltr'>instantem</span> <span class='ocrx_word' id='word_1_221' title='bbox 447 2977 577 3056; x_wconf 84' lang='lat' dir='ltr'>reginam</span> <span class='ocrx_word' id='word_1_222' title='bbox 600 2985 728 3035; x_wconf 88' lang='lat' dir='ltr'>avertere</span> <span class='ocrx_word' id='word_1_223' title='bbox 750 2971 854 3040; x_wconf 89' lang='lat' dir='ltr'>ceruit,</span> 
     </span>
    </p>
   </div>
   <div class='ocr_carea' id='block_1_3' title="bbox 52 3047 1090 3235">
    <p class='ocr_par' dir='ltr' id='par_1_3' title="bbox 52 3047 1090 3235">
     <span class='ocr_line' id='line_1_35' title="bbox 52 3047 1090 3161; baseline -0.013 -14"><span class='ocrx_word' id='word_1_224' title='bbox 52 3084 66 3147; x_wconf 94' lang='lat' dir='ltr'>l·</span> <span class='ocrx_word' id='word_1_225' title='bbox 91 3095 123 3150; x_wconf 65' lang='lat' dir='ltr'>ll·</span> <span class='ocrx_word' id='word_1_226' title='bbox 155 3092 219 3161; x_wconf 83' lang='lat' dir='ltr'>tte]</span> <span class='ocrx_word' id='word_1_227' title='bbox 251 3119 286 3132; x_wconf 90' lang='lat'>·-</span> <span class='ocrx_word' id='word_1_228' title='bbox 320 3087 379 3146; x_wconf 82' lang='lat'><strong>695.</strong></span> <span class='ocrx_word' id='word_1_229' title='bbox 409 3091 533 3158; x_wconf 86' lang='lat' dir='ltr'>interior,</span> <span class='ocrx_word' id='word_1_230' title='bbox 582 3087 802 3155; x_wconf 81' lang='lat' dir='ltr'>extr.,ntlml.im</span> <span class='ocrx_word' id='word_1_231' title='bbox 816 3047 1090 3149; x_wconf 57' lang='lat' dir='ltr'>erubesceremus</span> 
     </span>
     <span class='ocr_line' id='line_1_36' title="bbox 53 3149 1090 3235; baseline -0.019 -13"><span class='ocrx_word' id='word_1_232' title='bbox 53 3157 67 3222; x_wconf 90' lang='lat' dir='ltr'>l·</span> <span class='ocrx_word' id='word_1_233' title='bbox 87 3169 109 3230; x_wconf 73' lang='lat' dir='ltr'>u,</span> <span class='ocrx_word' id='word_1_234' title='bbox 132 3163 196 3235; x_wconf 76' lang='lat'>2⁰³]</span> <span class='ocrx_word' id='word_1_235' title='bbox 220 3189 255 3204; x_wconf 65' lang='grc' dir='ltr'>-ι-</span> <span class='ocrx_word' id='word_1_236' title='bbox 281 3158 340 3216; x_wconf 85' lang='grc'><strong>701,</strong></span> <span class='ocrx_word' id='word_1_237' title='bbox 369 3161 445 3218; x_wconf 81' lang='lat' dir='ltr'>baud</span> <span class='ocrx_word' id='word_1_238' title='bbox 469 3163 532 3233; x_wconf 77' lang='lat' dir='ltr'>big.</span> <span class='ocrx_word' id='word_1_239' title='bbox 582 3160 736 3228; x_wconf 64' lang='lat' dir='ltr'>eleutrum</span> <span class='ocrx_word' id='word_1_240' title='bbox 752 3153 889 3221; x_wconf 58' lang='lat' dir='ltr'>baructius</span> <span class='ocrx_word' id='word_1_241' title='bbox 905 3163 1003 3217; x_wconf 67' lang='lat' dir='ltr'>nocens</span> <span class='ocrx_word' id='word_1_242' title='bbox 1022 3149 1090 3204; x_wconf 70' lang='lat' dir='ltr'>&amp;era</span> 
     </span>
    </p>
   </div>
   <div class='ocr_carea' id='block_1_4' title="bbox 884 3251 937 3306">
    <p class='ocr_par' dir='ltr' id='par_1_4' title="bbox 884 3251 937 3306">
     <span class='ocr_line' id='line_1_37' title="bbox 884 3251 937 3306; baseline 0 0"><span class='ocrx_word' id='word_1_243' title='bbox 884 3251 937 3306; x_wconf 81' lang='lat'>10·</span> 
     </span>
    </p>
   </div>
   <div class='ocr_carea' id='block_1_5' title="bbox 0 0 1218 3630">
    <p class='ocr_par' dir='ltr' id='par_1_5' title="bbox 0 0 1218 3630">
     <span class='ocr_line' id='line_1_38' title="bbox 0 0 1218 3630; baseline 0 0"><span class='ocrx_word' id='word_1_244' title='bbox 0 0 1218 3630; x_wconf 95' lang='lat' dir='ltr'> </span> 
     </span>
    </p>
   </div>
  </div>
 </body>
</html>
