2428 3634
111 257 175 328 lot
229 237 241 268 ⁴
379 273 502 329 anons.
525 273 624 328 unua
640 271 682 327 tv.
706 290 731 328 ι,
748 271 905 328 arr-am-

101 437 226 500 ,Aureus
247 437 322 516 lpse,
346 434 452 496 sedin
474 433 563 511 loliis,
587 451 669 520 qnae
684 433 807 516 plurima
829 435 939 494 circum

110 521 285 599 Fuualuutur,
307 521 404 583 uiolae
427 520 560 582 sublucet
580 537 708 601 purpura
730 523 848 598 nigrae3
1091 535 1151 600 ,275

111 609 209 688 Saepe
230 607 314 670 (leurn
335 611 420 669 nexis
442 617 562 669 amatae
584 607 738 687 torquibus
760 625 846 681 arae3
1160 607 1165 620 '

109 695 208 775 Asper
228 695 258 755 in
280 711 333 756 ore
354 713 458 775 sapnr;
489 695 638 755 tonsisin
659 693 784 754 vallibus
806 691 886 754 illuni

110 781 248 842 Pastores
271 789 301 841 et
322 798 409 842 carra
431 780 532 858 legunt
553 797 648 861 prope
669 779 785 840 lumina
807 779 923 841 llellae.
1052 787 1055 794 '

110 867 203 930 lluius
226 865 348 928 odorato
370 866 485 926 radices
507 867 639 946 incoque
656 866 784 942 Baccho,
873 891 875 900 v

110 952 277 1032 Pabulaque
298 955 328 1013 in
350 951 462 1013 loribus
484 952 580 1033 plenis
604 969 721 1033 appone
743 944 889 1013 canistris.
966 957 968 962 '
1098 953 1150 1021 nsit

174 1039 235 1109 Sed
256 1040 282 1100 si
304 1056 389 1119 quem
411 1039 511 1119 proles
534 1039 631 1100 subito
654 1039 797 1100 deiecerit
818 1041 923 1116 omnis,

109 1124 183 1203 Nec,
205 1143 300 1204 genus
321 1125 398 1186 unde
419 1143 515 1188 novae
536 1128 637 1206 stirpis
659 1134 823 1202 revocetur,
846 1125 974 1202 habebit,

109 1211 235 1292 Tempus
257 1221 288 1290 et
307 1211 426 1274 Arcadii
447 1212 633 1273 memoranda
654 1214 772 1273 inventa
793 1213 927 1290 magistri

108 1297 250 1376 Pandere,
272 1299 497 1380 quoquomodo
520 1301 617 1360 caesis
639 1301 696 1359 iam
719 1315 811 1378 saepe
833 1301 965 1360 iuvencis

108 1384 275 1450 insincerus
297 1402 370 1466 apes
391 1385 489 1447 tulerit
510 1403 606 1459 cruor.
651 1384 748 1446 Altius
770 1403 886 1446 ornnem

107 1471 271 1554 Expediam
292 1473 385 1552 prima
407 1481 544 1552 repetens
567 1471 604 1532 ab
627 1473 751 1549 urigine-
764 1471 879 1553 lauram.

109 1557 183 1622 llarn
205 1559 262 1639 qua
284 1558 393 1620 Pellaei
415 1576 490 1636 gens
512 1558 658 1619 ionunata
682 1557 794 1638 Canopi
905 1613 913 1624 „

108 1644 227 1706 Accnlit
248 1644 342 1707 slluso
364 1648 547 1724 stagnantem
569 1644 686 1706 flumine
708 1643 814 1721 Nilum,

109 1730 148 1794 lit
170 1733 278 1792 circum
298 1733 386 1812 pictis
407 1730 523 1792 vehitur
544 1749 597 1792 sua
619 1750 685 1792 rura
709 1730 826 1805 laselis;

110 1817 235 1897 Quaque
255 1816 440 1897 pharetratae
461 1819 570 1878 ricinia
590 1817 721 1878 Persidis
743 1825 838 1895 urget,

109 1903 149 1966 Et
168 1902 289 1963 viridena
309 1903 476 1982 Aegyptum
498 1905 583 1981 nigra
605 1901 743 1963 fecundat
763 1920 863 1982 arena,
907 1909 910 1914 '

109 1989 149 2052 lta
166 1989 285 2050 'diversa
306 2007 394 2050 ruens
416 1997 530 2070 septem
552 1988 689 2050 discurrit
710 1991 740 2050 in
763 2007 816 2051 nra

110 2073 211 2156 Usque
233 2074 371 2138 coloratis
394 2077 488 2137 amnis
510 2076 639 2137 devexus
661 2075 698 2136 ab
721 2075 817 2138 lndis:

111 2163 214 2227 Omnis
235 2165 266 2224 in
287 2163 343 2224 hac
365 2172 474 2224 certam
496 2164 580 2242 regin
602 2164 673 2224 iacit
694 2173 758 2224 arte
781 2163 915 2224 salutern:
985 2197 1035 2246 ⁶:
1147 2169 1156 2182 “
1203 2213 1204 2222 ,

173 2249 305 2329 Exiguus
325 2251 448 2330 primunr
470 2257 558 2330 atque
579 2251 663 2329 ipsos
686 2259 853 2310 contractus
875 2249 911 2309 ad
934 2269 1004 2310 usus
1037 2318 1043 2328 ,
1101 2263 1154 2317 uiti

111 2336 237 2416 Eligitur
257 2335 357 2411 locus3
384 2335 462 2396 hunc
484 2338 659 2416 angustique
681 2333 802 2396 imbrice
823 2338 893 2396 tecti

110 2423 331 2508 Parietihnsquc
352 2432 486 2503 premunt
507 2424 588 2499 anis,
611 2430 642 2482 et
663 2431 788 2501 quatuor
808 2422 924 2497 addaiu,
1025 2445 1035 2470 ·
1122 2471 1125 2481 ,
1202 2421 1204 2440 “

108 2508 243 2585 Quatnor
265 2527 281 2570 a
303 2511 408 2586 ventis,
432 2509 549 2590 obliqua
570 2508 637 2569 luae
659 2507 816 2570 fenestras.
863 2535 865 2541 ·
953 2575 956 2580 ,

111 2595 183 2658 Tum
201 2594 409 2657 uituluslairna
431 2597 635 2657 carrensium
657 2601 768 2656 cornua
790 2593 887 2656 fronte

113 2679 284 2757 Quaesitum
305 2679 375 2742 huic
396 2685 532 2760 geminae
552 2697 639 2742 nares
662 2690 692 2742 et
714 2683 833 2761 spiritus
856 2683 916 2744 uris
983 2745 987 2756 ,

8 2795 9 2799 “
75 2822 79 2834 ,
111 2768 209 2832 illnlta·
223 2767 375 2829 reluctanti
397 2768 566 2846 obstruitur,
588 2767 745 2849 plagisque
766 2777 919 2848 perempto

112 2853 209 2918 'lunen
229 2871 284 2936 per
305 2855 449 2933 integram
470 2855 621 2918 solvuntur
641 2857 758 2935 spaera
778 2854 896 2934 pellern.

113 2941 165 3002 Sic
185 2943 313 3023 positum
334 2943 365 3003 in
387 2939 488 3002 clause
510 2941 652 3022 linquunt,
675 2949 705 3002 ct
726 2941 940 3003 senescentis
1050 2963 1055 2972 ·
1076 2981 1080 2988 -

113 3091 237 3160 Sophocl.
264 3091 373 3144 l’lriloct
402 3089 465 3158 ⁴15]
487 3119 523 3130 -
549 3090 612 3146 stt.
647 3093 705 3160 atta]
718 3089 1063 3161 -utlnimueaupteeai,
1076 3093 1151 3162 burc
1201 3097 1202 3154 l

112 3160 195 3213 tannia
209 3161 312 3212 :duur
328 3159 611 3225 marcescentium
646 3159 685 3214 ain
703 3153 1002 3229 nuapesscnstepetn
1016 3161 1152 3219 buaitttet
1201 3161 1202 3212 l

112 3227 145 3291 fia
165 3239 224 3282 acar
241 3223 307 3296 iulet
330 3229 480 3296 clamabat
500 3229 610 3300 carpat]
645 3227 727 3296 can]
746 3257 782 3272 -
798 3227 859 3284 297.
876 3232 996 3299 premunt
1014 3253 1045 3278 =
1066 3248 1151 3288 canr-

101 3321 146 3347 ι---
168 3291 228 3349 296.
251 3303 453 3352 caumana:
472 3301 609 3358 cccrum,
644 3299 758 3364 gustam]
776 3325 811 3338 -
829 3295 888 3353 ³02
911 3308 986 3353 maa
1004 3300 1152 3372 salpuntrrr,
