<?xml version="1.0" encoding="UTF-8"?>
<!DOCTYPE html PUBLIC "-//W3C//DTD XHTML 1.0 Transitional//EN"
    "http://www.w3.org/TR/xhtml1/DTD/xhtml1-transitional.dtd">
<html xmlns="http://www.w3.org/1999/xhtml" xml:lang="en" lang="en">
 <head>
  <title>
</title>
<meta http-equiv="Content-Type" content="text/html;charset=utf-8" />
  <meta name='ocr-system' content='tesseract 3.04.00' />
  <meta name='ocr-capabilities' content='ocr_page ocr_carea ocr_par ocr_line ocrx_word'/>
</head>
<body>
  <div class='ocr_page' id='page_1' title='image "./pvirgiliimaroni16virggoog_0322.png"; bbox 0 0 2412 3630; ppageno 0'>
   <div class='ocr_carea' id='block_1_1' title="bbox 115 168 901 288">
    <p class='ocr_par' dir='ltr' id='par_1_1' title="bbox 115 168 901 288">
     <span class='ocr_line' id='line_1_1' title="bbox 115 168 901 288; baseline 0 -25"><span class='ocrx_word' id='word_1_1' title='bbox 115 168 178 278; x_wconf 60' lang='lat' dir='ltr'><strong>eu</strong></span> <span class='ocrx_word' id='word_1_2' title='bbox 362 189 364 198; x_wconf 87' lang='grc'><strong>’</strong></span> <span class='ocrx_word' id='word_1_3' title='bbox 413 181 630 264; x_wconf 66' lang='lat' dir='ltr'><strong>saumana</strong></span> <span class='ocrx_word' id='word_1_4' title='bbox 646 203 901 288; x_wconf 60' lang='grc' dir='ltr'><strong>ιιιιιι-ιιι</strong></span> 
     </span>
    </p>
   </div>
   <div class='ocr_carea' id='block_1_2' title="bbox 15 347 1200 3102">
    <p class='ocr_par' dir='ltr' id='par_1_2' title="bbox 15 347 1200 3087">
     <span class='ocr_line' id='line_1_2' title="bbox 113 347 1036 430; baseline -0.001 -18"><span class='ocrx_word' id='word_1_5' title='bbox 113 349 252 418; x_wconf 79' lang='lat' dir='ltr'><strong>Munera,</strong></span> <span class='ocrx_word' id='word_1_6' title='bbox 281 367 358 430; x_wconf 85' lang='lat' dir='ltr'><strong>quae</strong></span> <span class='ocrx_word' id='word_1_7' title='bbox 380 349 468 429; x_wconf 83' lang='lat' dir='ltr'><strong>pa&#39;tn&#39;s</strong></span> <span class='ocrx_word' id='word_1_8' title='bbox 488 347 527 408; x_wconf 84' lang='lat' dir='ltr'><strong>ad</strong></span> <span class='ocrx_word' id='word_1_9' title='bbox 549 367 597 408; x_wconf 87' lang='lat' dir='ltr'><strong>me</strong></span> <span class='ocrx_word' id='word_1_10' title='bbox 618 347 737 430; x_wconf 78' lang='lat' dir='ltr'><strong>portatis</strong></span> <span class='ocrx_word' id='word_1_11' title='bbox 758 348 797 408; x_wconf 77' lang='lat' dir='ltr'><strong>ab</strong></span> <span class='ocrx_word' id='word_1_12' title='bbox 815 349 893 422; x_wconf 67' lang='lat' dir='ltr'><strong>otis,</strong></span> <span class='ocrx_word' id='word_1_13' title='bbox 978 361 983 396; x_wconf 75' lang='lat'><em>³</em></span> <span class='ocrx_word' id='word_1_14' title='bbox 1032 387 1036 394; x_wconf 91' lang='lat'>·</span> 
     </span>
     <span class='ocr_line' id='line_1_3' title="bbox 113 433 1060 515; baseline -0.001 -19"><span class='ocrx_word' id='word_1_15' title='bbox 113 435 220 504; x_wconf 83' lang='lat' dir='ltr'><strong>Vertite</strong></span> <span class='ocrx_word' id='word_1_16' title='bbox 241 433 278 496; x_wconf 90' lang='lat' dir='ltr'><strong>ad</strong></span> <span class='ocrx_word' id='word_1_17' title='bbox 299 435 424 495; x_wconf 81' lang='lat' dir='ltr'><strong>Aenean.</strong></span> <span class='ocrx_word' id='word_1_18' title='bbox 468 433 606 496; x_wconf 83' lang='lat' dir='ltr'><strong>Stetimus</strong></span> <span class='ocrx_word' id='word_1_19' title='bbox 627 433 684 494; x_wconf 88' lang='lat' dir='ltr'><strong>teia</strong></span> <span class='ocrx_word' id='word_1_20' title='bbox 706 450 810 515; x_wconf 86' lang='lat' dir='ltr'><strong>aspera</strong></span> <span class='ocrx_word' id='word_1_21' title='bbox 832 443 932 496; x_wconf 85' lang='lat' dir='ltr'><strong>eontra</strong></span> <span class='ocrx_word' id='word_1_22' title='bbox 1056 445 1060 457; x_wconf 84' lang='grc'><strong><em>’</em></strong></span> 
     </span>
     <span class='ocr_line' id='line_1_4' title="bbox 114 519 946 602; baseline -0.001 -20"><span class='ocrx_word' id='word_1_23' title='bbox 114 521 358 602; x_wconf 77' lang='lat' dir='ltr'><strong>contulimusque</strong></span> <span class='ocrx_word' id='word_1_24' title='bbox 380 539 498 582; x_wconf 82' lang='lat' dir='ltr'><strong>manus·</strong></span> <span class='ocrx_word' id='word_1_25' title='bbox 527 528 648 600; x_wconf 83' lang='lat' dir='ltr'><strong>experto</strong></span> <span class='ocrx_word' id='word_1_26' title='bbox 665 519 789 602; x_wconf 69' lang='lat' dir='ltr'><strong>credite,</strong></span> <span class='ocrx_word' id='word_1_27' title='bbox 818 529 946 600; x_wconf 87' lang='lat' dir='ltr'><strong>quantoe</strong></span> 
     </span>
     <span class='ocr_line' id='line_1_5' title="bbox 115 605 1198 688; baseline 0.003 -22"><span class='ocrx_word' id='word_1_28' title='bbox 115 607 146 668; x_wconf 87' lang='lat' dir='ltr'><strong>tn</strong></span> <span class='ocrx_word' id='word_1_29' title='bbox 168 606 294 688; x_wconf 81' lang='lat' dir='ltr'><strong>clipeum</strong></span> <span class='ocrx_word' id='word_1_30' title='bbox 317 614 466 686; x_wconf 72' lang='lat' dir='ltr'><strong>assurgat,</strong></span> <span class='ocrx_word' id='word_1_31' title='bbox 497 622 556 686; x_wconf 91' lang='lat' dir='ltr'><strong>quo</strong></span> <span class='ocrx_word' id='word_1_32' title='bbox 576 605 691 664; x_wconf 88' lang='lat' dir='ltr'><strong>turbine</strong></span> <span class='ocrx_word' id='word_1_33' title='bbox 713 614 845 688; x_wconf 84' lang='lat' dir='ltr'><strong>torqueat</strong></span> <span class='ocrx_word' id='word_1_34' title='bbox 866 605 989 668; x_wconf 68' lang='lat' dir='ltr'><strong>hesterni</strong></span> <span class='ocrx_word' id='word_1_35' title='bbox 1197 667 1198 684; x_wconf 50' lang='lat'><strong>,</strong></span> 
     </span>
     <span class='ocr_line' id='line_1_6' title="bbox 111 690 1198 790; baseline -0.001 -37.997"><span class='ocrx_word' id='word_1_36' title='bbox 111 692 145 752; x_wconf 85' lang='lat' dir='ltr'><strong>Si</strong></span> <span class='ocrx_word' id='word_1_37' title='bbox 166 691 224 752; x_wconf 95' lang='lat' dir='ltr'><strong>duo</strong></span> <span class='ocrx_word' id='word_1_38' title='bbox 244 699 391 790; x_wconf 85' lang='lat' dir='ltr'><strong>praeterea</strong></span> <span class='ocrx_word' id='word_1_39' title='bbox 413 690 486 754; x_wconf 82' lang='lat' dir='ltr'><strong>tutes</strong></span> <span class='ocrx_word' id='word_1_40' title='bbox 509 690 591 750; x_wconf 83' lang='lat' dir='ltr'><strong>idaea</strong></span> <span class='ocrx_word' id='word_1_41' title='bbox 614 691 728 752; x_wconf 80' lang='lat' dir='ltr'><strong>rutisset</strong></span> <span class='ocrx_word' id='word_1_42' title='bbox 1097 701 1156 751; x_wconf 74' lang='lat' dir='ltr'><strong>aea</strong></span> <span class='ocrx_word' id='word_1_43' title='bbox 1197 693 1198 702; x_wconf 75' lang='grc'>’</span> 
     </span>
     <span class='ocr_line' id='line_1_7' title="bbox 113 775 894 848; baseline 0.001 -10"><span class='ocrx_word' id='word_1_44' title='bbox 113 779 200 839; x_wconf 83' lang='lat' dir='ltr'><strong>Terra</strong></span> <span class='ocrx_word' id='word_1_45' title='bbox 222 780 316 848; x_wconf 88' lang='lat' dir='ltr'><strong>viros,</strong></span> <span class='ocrx_word' id='word_1_46' title='bbox 346 776 421 836; x_wconf 84' lang='lat' dir='ltr'><strong>uiuo</strong></span> <span class='ocrx_word' id='word_1_47' title='bbox 443 775 579 836; x_wconf 80' lang='lat' dir='ltr'><strong>inachias&#39;</strong></span> <span class='ocrx_word' id='word_1_48' title='bbox 596 777 725 836; x_wconf 88' lang='lat' dir='ltr'><strong>venisset</strong></span> <span class='ocrx_word' id='word_1_49' title='bbox 745 775 781 835; x_wconf 89' lang='lat' dir='ltr'><strong>ad</strong></span> <span class='ocrx_word' id='word_1_50' title='bbox 795 776 894 839; x_wconf 85' lang='lat' dir='ltr'><strong>urbes</strong></span> 
     </span>
     <span class='ocr_line' id='line_1_8' title="bbox 116 861 826 940; baseline 0 -17"><span class='ocrx_word' id='word_1_51' title='bbox 116 863 281 938; x_wconf 82' lang='lat' dir='ltr'><strong>Dardanus,</strong></span> <span class='ocrx_word' id='word_1_52' title='bbox 311 869 339 922; x_wconf 87' lang='lat' dir='ltr'><strong>et</strong></span> <span class='ocrx_word' id='word_1_53' title='bbox 360 861 454 922; x_wconf 86' lang='lat' dir='ltr'><strong>versis</strong></span> <span class='ocrx_word' id='word_1_54' title='bbox 476 861 595 940; x_wconf 75' lang='lat' dir='ltr'><strong>lugeret</strong></span> <span class='ocrx_word' id='word_1_55' title='bbox 610 861 730 922; x_wconf 75' lang='lat' dir='ltr'><strong>Graecia</strong></span> <span class='ocrx_word' id='word_1_56' title='bbox 753 861 826 925; x_wconf 78' lang='lat' dir='ltr'><strong>satie.</strong></span> 
     </span>
     <span class='ocr_line' id='line_1_9' title="bbox 115 945 1010 1030; baseline -0.003 -23"><span class='ocrx_word' id='word_1_57' title='bbox 115 947 262 1030; x_wconf 82' lang='lat' dir='ltr'><strong>Quidquid</strong></span> <span class='ocrx_word' id='word_1_58' title='bbox 284 946 362 1028; x_wconf 89' lang='lat' dir='ltr'><strong>apud</strong></span> <span class='ocrx_word' id='word_1_59' title='bbox 384 945 643 1009; x_wconf 82' lang='lat' dir='ltr'><strong>durae.eessatum</strong></span> <span class='ocrx_word' id='word_1_60' title='bbox 664 956 709 1007; x_wconf 81' lang='lat' dir='ltr'><strong>est</strong></span> <span class='ocrx_word' id='word_1_61' title='bbox 730 947 845 1008; x_wconf 87' lang='lat' dir='ltr'><strong>moenia</strong></span> <span class='ocrx_word' id='word_1_62' title='bbox 867 947 986 1022; x_wconf 82' lang='lat' dir='ltr'><strong>Troiae,</strong></span> <span class='ocrx_word' id='word_1_63' title='bbox 1007 997 1010 1004; x_wconf 88' lang='lat'><em>.</em></span> 
     </span>
     <span class='ocr_line' id='line_1_10' title="bbox 115 1031 837 1114; baseline -0.004 -20"><span class='ocrx_word' id='word_1_64' title='bbox 115 1034 251 1095; x_wconf 82' lang='lat' dir='ltr'><strong>Hectoris</strong></span> <span class='ocrx_word' id='word_1_65' title='bbox 272 1033 444 1114; x_wconf 77' lang='lat' dir='ltr'><strong>Aeneaeque</strong></span> <span class='ocrx_word' id='word_1_66' title='bbox 466 1053 554 1094; x_wconf 91' lang='lat' dir='ltr'><strong>manu</strong></span> <span class='ocrx_word' id='word_1_67' title='bbox 576 1033 696 1093; x_wconf 82' lang='lat' dir='ltr'><strong>victoria</strong></span> <span class='ocrx_word' id='word_1_68' title='bbox 718 1031 837 1092; x_wconf 90' lang='lat' dir='ltr'><strong>Graium</strong></span> 
     </span>
     <span class='ocr_line' id='line_1_11' title="bbox 115 1118 1158 1198; baseline -0.002 -18"><span class='ocrx_word' id='word_1_69' title='bbox 115 1119 215 1180; x_wconf 80' lang='lat' dir='ltr'><strong>Haesit</strong></span> <span class='ocrx_word' id='word_1_70' title='bbox 236 1127 264 1180; x_wconf 93' lang='lat' dir='ltr'><strong>et</strong></span> <span class='ocrx_word' id='word_1_71' title='bbox 286 1118 314 1178; x_wconf 93' lang='lat' dir='ltr'><strong>in</strong></span> <span class='ocrx_word' id='word_1_72' title='bbox 337 1118 482 1178; x_wconf 89' lang='lat' dir='ltr'><strong>decimum</strong></span> <span class='ocrx_word' id='word_1_73' title='bbox 505 1119 627 1198; x_wconf 79' lang='lat' dir='ltr'><strong>vestigia</strong></span> <span class='ocrx_word' id='word_1_74' title='bbox 650 1118 747 1178; x_wconf 89' lang='lat' dir='ltr'><strong>retulit</strong></span> <span class='ocrx_word' id='word_1_75' title='bbox 767 1137 887 1181; x_wconf 88' lang='lat' dir='ltr'><strong>annum.</strong></span> <span class='ocrx_word' id='word_1_76' title='bbox 1101 1129 1158 1179; x_wconf 74' lang='lat'><strong>29⁰</strong></span> 
     </span>
     <span class='ocr_line' id='line_1_12' title="bbox 116 1203 1053 1284; baseline 0 -18"><span class='ocrx_word' id='word_1_77' title='bbox 116 1204 209 1266; x_wconf 79' lang='lat' dir='ltr'><strong>Ambo</strong></span> <span class='ocrx_word' id='word_1_78' title='bbox 232 1203 351 1278; x_wconf 92' lang='lat' dir='ltr'><strong>animis,</strong></span> <span class='ocrx_word' id='word_1_79' title='bbox 380 1203 496 1264; x_wconf 88' lang='lat' dir='ltr'><strong>ambo</strong></span> <span class='ocrx_word' id='word_1_80' title='bbox 487 1205 617 1283; x_wconf 69' lang='lat' dir='ltr'><strong>insignes</strong></span> <span class='ocrx_word' id='word_1_81' title='bbox 638 1204 853 1284; x_wconf 74' lang='lat' dir='ltr'><strong>praestantibus</strong></span> <span class='ocrx_word' id='word_1_82' title='bbox 873 1205 978 1279; x_wconf 65' lang='lat' dir='ltr'><strong>armis,</strong></span> <span class='ocrx_word' id='word_1_83' title='bbox 1049 1211 1053 1220; x_wconf 91' lang='grc'><strong>“</strong></span> 
     </span>
     <span class='ocr_line' id='line_1_13' title="bbox 115 1289 903 1371; baseline 0.001 -22"><span class='ocrx_word' id='word_1_84' title='bbox 115 1291 171 1350; x_wconf 85' lang='lat' dir='ltr'><strong>Hie</strong></span> <span class='ocrx_word' id='word_1_85' title='bbox 193 1289 297 1371; x_wconf 90' lang='lat' dir='ltr'><strong>pietate</strong></span> <span class='ocrx_word' id='word_1_86' title='bbox 319 1289 407 1371; x_wconf 91' lang='lat' dir='ltr'><strong>prior.</strong></span> <span class='ocrx_word' id='word_1_87' title='bbox 452 1290 590 1352; x_wconf 79' lang='lat' dir='ltr'><strong>Coeant</strong></span> <span class='ocrx_word' id='word_1_88' title='bbox 582 1311 612 1349; x_wconf 87' lang='grc' dir='ltr'><strong>ιιι</strong></span> <span class='ocrx_word' id='word_1_89' title='bbox 633 1289 750 1350; x_wconf 77' lang='lat' dir='ltr'><strong>foedera</strong></span> <span class='ocrx_word' id='word_1_90' title='bbox 772 1289 903 1363; x_wconf 81' lang='lat' dir='ltr'><strong>dextrae,</strong></span> 
     </span>
     <span class='ocr_line' id='line_1_14' title="bbox 112 1373 992 1448; baseline -0.002 -13"><span class='ocrx_word' id='word_1_91' title='bbox 112 1375 180 1448; x_wconf 53' lang='lat' dir='ltr'><strong>,Qua</strong></span> <span class='ocrx_word' id='word_1_92' title='bbox 202 1373 297 1436; x_wconf 88' lang='lat' dir='ltr'><strong>datur.</strong></span> <span class='ocrx_word' id='word_1_93' title='bbox 327 1385 372 1438; x_wconf 89' lang='lat' dir='ltr'><strong>ast</strong></span> <span class='ocrx_word' id='word_1_94' title='bbox 393 1377 482 1437; x_wconf 87' lang='lat' dir='ltr'><strong>armis</strong></span> <span class='ocrx_word' id='word_1_95' title='bbox 504 1383 676 1436; x_wconf 88' lang='lat' dir='ltr'><strong>concurrant</strong></span> <span class='ocrx_word' id='word_1_96' title='bbox 696 1395 777 1436; x_wconf 84' lang='lat' dir='ltr'><strong>anna</strong></span> <span class='ocrx_word' id='word_1_97' title='bbox 798 1385 905 1436; x_wconf 72' lang='lat' dir='ltr'><strong>carme.</strong></span> <span class='ocrx_word' id='word_1_98' title='bbox 986 1425 992 1433; x_wconf 60' lang='lat'><em>„</em></span> 
     </span>
     <span class='ocr_line' id='line_1_15' title="bbox 117 1461 1007 1543; baseline 0.004 -23"><span class='ocrx_word' id='word_1_99' title='bbox 117 1461 153 1522; x_wconf 87' lang='lat' dir='ltr'><strong>Et</strong></span> <span class='ocrx_word' id='word_1_100' title='bbox 175 1480 315 1542; x_wconf 84' lang='lat' dir='ltr'><strong>responsa</strong></span> <span class='ocrx_word' id='word_1_101' title='bbox 335 1462 426 1523; x_wconf 87' lang='lat' dir='ltr'><strong>simui</strong></span> <span class='ocrx_word' id='word_1_102' title='bbox 449 1481 524 1543; x_wconf 88' lang='lat' dir='ltr'><strong>quae</strong></span> <span class='ocrx_word' id='word_1_103' title='bbox 546 1463 618 1533; x_wconf 92' lang='lat' dir='ltr'><strong>sint,</strong></span> <span class='ocrx_word' id='word_1_104' title='bbox 648 1479 698 1521; x_wconf 88' lang='lat' dir='ltr'><strong>rex</strong></span> <span class='ocrx_word' id='word_1_105' title='bbox 720 1462 843 1543; x_wconf 87' lang='lat' dir='ltr'><strong>optime,</strong></span> <span class='ocrx_word' id='word_1_106' title='bbox 873 1462 1007 1542; x_wconf 77' lang='lat' dir='ltr'><strong>regis</strong></span> 
     </span>
     <span class='ocr_line' id='line_1_16' title="bbox 116 1547 1159 1628; baseline -0.004 -19"><span class='ocrx_word' id='word_1_107' title='bbox 116 1547 243 1619; x_wconf 75' lang='lat' dir='ltr'><strong>Audisti,</strong></span> <span class='ocrx_word' id='word_1_108' title='bbox 273 1557 302 1608; x_wconf 91' lang='lat' dir='ltr'><strong>et</strong></span> <span class='ocrx_word' id='word_1_109' title='bbox 324 1548 458 1628; x_wconf 90' lang='lat' dir='ltr'><strong>quaesit</strong></span> <span class='ocrx_word' id='word_1_110' title='bbox 480 1559 587 1627; x_wconf 82' lang='lat' dir='ltr'><strong>magno</strong></span> <span class='ocrx_word' id='word_1_111' title='bbox 609 1548 748 1608; x_wconf 88' lang='lat' dir='ltr'><strong>sententia</strong></span> <span class='ocrx_word' id='word_1_112' title='bbox 772 1547 859 1608; x_wconf 86' lang='lat' dir='ltr'><strong>bello.</strong></span> <span class='ocrx_word' id='word_1_113' title='bbox 1016 1617 1019 1625; x_wconf 32' lang='grc' dir='ltr'>Ι</span> <span class='ocrx_word' id='word_1_114' title='bbox 1103 1555 1159 1606; x_wconf 68' lang='lat' dir='ltr'><strong>aaa</strong></span> 
     </span>
     <span class='ocr_line' id='line_1_17' title="bbox 202 1633 920 1714; baseline -0.001 -21"><span class='ocrx_word' id='word_1_115' title='bbox 202 1634 311 1694; x_wconf 77' lang='lat' dir='ltr'><strong>Vinea</strong></span> <span class='ocrx_word' id='word_1_116' title='bbox 334 1633 434 1710; x_wconf 79' lang='lat' dir='ltr'><strong>iegati,</strong></span> <span class='ocrx_word' id='word_1_117' title='bbox 464 1633 622 1714; x_wconf 87' lang='lat' dir='ltr'><strong>variusque</strong></span> <span class='ocrx_word' id='word_1_118' title='bbox 643 1651 696 1714; x_wconf 87' lang='lat' dir='ltr'><strong>per</strong></span> <span class='ocrx_word' id='word_1_119' title='bbox 717 1653 767 1692; x_wconf 87' lang='lat' dir='ltr'><strong>ora</strong></span> <span class='ocrx_word' id='word_1_120' title='bbox 790 1633 920 1694; x_wconf 87' lang='lat' dir='ltr'><strong>ouourrit</strong></span> 
     </span>
     <span class='ocr_line' id='line_1_18' title="bbox 20 1718 935 1780; baseline -0.003 -3"><span class='ocrx_word' id='word_1_121' title='bbox 20 1769 23 1777; x_wconf 92' lang='lat'>.</span> <span class='ocrx_word' id='word_1_122' title='bbox 117 1718 297 1780; x_wconf 82' lang='lat' dir='ltr'><strong>Ausonidum</strong></span> <span class='ocrx_word' id='word_1_123' title='bbox 320 1718 433 1778; x_wconf 90' lang='lat' dir='ltr'><strong>turbata</strong></span> <span class='ocrx_word' id='word_1_124' title='bbox 457 1719 579 1778; x_wconf 82' lang='lat' dir='ltr'><strong>tremor:</strong></span> <span class='ocrx_word' id='word_1_125' title='bbox 609 1738 663 1778; x_wconf 89' lang='lat' dir='ltr'><strong>cou</strong></span> <span class='ocrx_word' id='word_1_126' title='bbox 686 1737 755 1780; x_wconf 81' lang='lat' dir='ltr'><strong>saxa</strong></span> <span class='ocrx_word' id='word_1_127' title='bbox 777 1722 935 1780; x_wconf 37' lang='lat' dir='ltr'><strong>morantur,</strong></span> 
     </span>
     <span class='ocr_line' id='line_1_19' title="bbox 15 1803 958 1884; baseline 0.001 -21"><span class='ocrx_word' id='word_1_128' title='bbox 15 1873 22 1884; x_wconf 28' lang='grc' dir='ltr'><strong>ι</strong></span> <span class='ocrx_word' id='word_1_129' title='bbox 118 1804 192 1864; x_wconf 91' lang='lat' dir='ltr'><strong>Cum</strong></span> <span class='ocrx_word' id='word_1_130' title='bbox 216 1803 334 1884; x_wconf 89' lang='lat' dir='ltr'><strong>rapidos</strong></span> <span class='ocrx_word' id='word_1_131' title='bbox 355 1821 469 1875; x_wconf 89' lang='lat' dir='ltr'><strong>amnes,</strong></span> <span class='ocrx_word' id='word_1_132' title='bbox 499 1806 529 1863; x_wconf 89' lang='lat' dir='ltr'><strong>tit</strong></span> <span class='ocrx_word' id='word_1_133' title='bbox 551 1803 652 1864; x_wconf 87' lang='lat' dir='ltr'><strong>clauso</strong></span> <span class='ocrx_word' id='word_1_134' title='bbox 673 1804 788 1882; x_wconf 76' lang='lat' dir='ltr'><strong>gurgite</strong></span> <span class='ocrx_word' id='word_1_135' title='bbox 811 1823 958 1874; x_wconf 88' lang='lat' dir='ltr'><strong>murmur,</strong></span> 
     </span>
     <span class='ocr_line' id='line_1_20' title="bbox 118 1887 890 1969; baseline 0.005 -22"><span class='ocrx_word' id='word_1_136' title='bbox 118 1889 295 1969; x_wconf 78' lang='lat' dir='ltr'><strong>vicinaeque</strong></span> <span class='ocrx_word' id='word_1_137' title='bbox 317 1887 441 1949; x_wconf 78' lang='lat' dir='ltr'><strong>inaniunt</strong></span> <span class='ocrx_word' id='word_1_138' title='bbox 462 1890 542 1969; x_wconf 89' lang='lat' dir='ltr'><strong>ripae</strong></span> <span class='ocrx_word' id='word_1_139' title='bbox 564 1888 773 1968; x_wconf 80' lang='lat' dir='ltr'><strong>crepitantibus</strong></span> <span class='ocrx_word' id='word_1_140' title='bbox 795 1889 890 1952; x_wconf 80' lang='lat' dir='ltr'><strong>undis</strong></span> 
     </span>
     <span class='ocr_line' id='line_1_21' title="bbox 121 1973 1200 2057; baseline 0 -23"><span class='ocrx_word' id='word_1_141' title='bbox 121 1973 156 2034; x_wconf 86' lang='lat' dir='ltr'><strong>Ut</strong></span> <span class='ocrx_word' id='word_1_142' title='bbox 177 1975 301 2055; x_wconf 88' lang='lat' dir='ltr'><strong>primum</strong></span> <span class='ocrx_word' id='word_1_143' title='bbox 325 1974 429 2055; x_wconf 79' lang='lat' dir='ltr'><strong>placati</strong></span> <span class='ocrx_word' id='word_1_144' title='bbox 459 1976 621 2049; x_wconf 86' lang='lat' dir='ltr'><strong>animi,·et</strong></span> <span class='ocrx_word' id='word_1_145' title='bbox 642 1974 752 2056; x_wconf 76' lang='lat' dir='ltr'><strong>trepida</strong></span> <span class='ocrx_word' id='word_1_146' title='bbox 775 1993 826 2036; x_wconf 89' lang='lat' dir='ltr'><strong>ora</strong></span> <span class='ocrx_word' id='word_1_147' title='bbox 849 1976 1000 2057; x_wconf 85' lang='lat' dir='ltr'><strong>quierunt,</strong></span> <span class='ocrx_word' id='word_1_148' title='bbox 1103 1985 1159 2034; x_wconf 72' lang='lat'><strong>8⁰⁰</strong></span> <span class='ocrx_word' id='word_1_149' title='bbox 1199 2007 1200 2054; x_wconf 70' lang='lat'>3</span> 
     </span>
     <span class='ocr_line' id='line_1_22' title="bbox 66 2059 1200 2148; baseline 0 -29"><span class='ocrx_word' id='word_1_150' title='bbox 66 2135 74 2148; x_wconf 37' lang='lat'>¹</span> <span class='ocrx_word' id='word_1_151' title='bbox 121 2059 268 2121; x_wconf 82' lang='lat' dir='ltr'><strong>Praefatus</strong></span> <span class='ocrx_word' id='word_1_152' title='bbox 290 2059 374 2124; x_wconf 83' lang='lat' dir='ltr'><strong>diuos</strong></span> <span class='ocrx_word' id='word_1_153' title='bbox 397 2060 472 2122; x_wconf 84' lang='lat' dir='ltr'><strong>solio</strong></span> <span class='ocrx_word' id='word_1_154' title='bbox 495 2081 544 2122; x_wconf 84' lang='lat' dir='ltr'><strong>rex</strong></span> <span class='ocrx_word' id='word_1_155' title='bbox 567 2061 627 2120; x_wconf 87' lang='lat' dir='ltr'><strong>iniit</strong></span> <span class='ocrx_word' id='word_1_156' title='bbox 649 2061 685 2120; x_wconf 92' lang='lat' dir='ltr'><strong>ab</strong></span> <span class='ocrx_word' id='word_1_157' title='bbox 708 2060 781 2136; x_wconf 70' lang='lat' dir='ltr'><strong>altor</strong></span> <span class='ocrx_word' id='word_1_158' title='bbox 1199 2061 1200 2066; x_wconf 73' lang='grc'>’</span> 
     </span>
     <span class='ocr_line' id='line_1_23' title="bbox 204 2146 1059 2228; baseline 0 -22"><span class='ocrx_word' id='word_1_159' title='bbox 204 2146 276 2206; x_wconf 86' lang='lat' dir='ltr'><strong>Ante</strong></span> <span class='ocrx_word' id='word_1_160' title='bbox 298 2146 432 2228; x_wconf 88' lang='lat' dir='ltr'><strong>equidem</strong></span> <span class='ocrx_word' id='word_1_161' title='bbox 455 2165 570 2212; x_wconf 84' lang='lat' dir='ltr'><strong>summa</strong></span> <span class='ocrx_word' id='word_1_162' title='bbox 592 2146 629 2208; x_wconf 90' lang='lat' dir='ltr'><strong>de</strong></span> <span class='ocrx_word' id='word_1_163' title='bbox 651 2167 683 2207; x_wconf 87' lang='lat' dir='ltr'><strong>re</strong></span> <span class='ocrx_word' id='word_1_164' title='bbox 704 2146 858 2216; x_wconf 80' lang='lat' dir='ltr'><strong>statuisse,</strong></span> <span class='ocrx_word' id='word_1_165' title='bbox 888 2146 997 2221; x_wconf 89' lang='lat' dir='ltr'><strong>Latini,</strong></span> <span class='ocrx_word' id='word_1_166' title='bbox 1057 2179 1059 2186; x_wconf 80' lang='grc'><em>·</em></span> 
     </span>
     <span class='ocr_line' id='line_1_24' title="bbox 120 2230 960 2314; baseline 0 -24"><span class='ocrx_word' id='word_1_167' title='bbox 120 2231 154 2302; x_wconf 81' lang='lat' dir='ltr'><strong>Et</strong></span> <span class='ocrx_word' id='word_1_168' title='bbox 175 2230 280 2292; x_wconf 82' lang='lat' dir='ltr'><strong>vellem</strong></span> <span class='ocrx_word' id='word_1_169' title='bbox 301 2241 329 2293; x_wconf 88' lang='lat' dir='ltr'><strong>et</strong></span> <span class='ocrx_word' id='word_1_170' title='bbox 351 2232 443 2293; x_wconf 85' lang='lat' dir='ltr'><strong>iuerat</strong></span> <span class='ocrx_word' id='word_1_171' title='bbox 464 2233 586 2305; x_wconf 81' lang='lat' dir='ltr'><strong>meiius3</strong></span> <span class='ocrx_word' id='word_1_172' title='bbox 616 2251 675 2292; x_wconf 91' lang='grc' dir='ltr'><strong>ιιοιι</strong></span> <span class='ocrx_word' id='word_1_173' title='bbox 697 2241 828 2314; x_wconf 84' lang='lat' dir='ltr'><strong>tempore</strong></span> <span class='ocrx_word' id='word_1_174' title='bbox 850 2231 899 2292; x_wconf 81' lang='lat' dir='ltr'><strong>tali</strong></span> <span class='ocrx_word' id='word_1_175' title='bbox 958 2261 960 2269; x_wconf 44' lang='lat' dir='ltr'>v</span> 
     </span>
     <span class='ocr_line' id='line_1_25' title="bbox 119 2315 1023 2396; baseline 0.002 -20"><span class='ocrx_word' id='word_1_176' title='bbox 119 2315 232 2396; x_wconf 79' lang='lat' dir='ltr'><strong>Cogere</strong></span> <span class='ocrx_word' id='word_1_177' title='bbox 254 2318 428 2389; x_wconf 75' lang='lat' dir='ltr'><strong>concitum,</strong></span> <span class='ocrx_word' id='word_1_178' title='bbox 457 2336 524 2378; x_wconf 80' lang='lat' dir='ltr'><strong>curn</strong></span> <span class='ocrx_word' id='word_1_179' title='bbox 547 2337 648 2380; x_wconf 89' lang='lat' dir='ltr'><strong>muros</strong></span> <span class='ocrx_word' id='word_1_180' title='bbox 669 2318 777 2380; x_wconf 87' lang='lat' dir='ltr'><strong>assidet</strong></span> <span class='ocrx_word' id='word_1_181' title='bbox 800 2317 903 2381; x_wconf 77' lang='lat' dir='ltr'><strong>hostis</strong></span> <span class='ocrx_word' id='word_1_182' title='bbox 990 2323 1023 2370; x_wconf 59' lang='grc' dir='ltr'>Γ</span> 
     </span>
     <span class='ocr_line' id='line_1_26' title="bbox 117 2399 1158 2503; baseline 0.001 -43"><span class='ocrx_word' id='word_1_183' title='bbox 117 2399 230 2461; x_wconf 64' lang='lat' dir='ltr'><strong>Belicam</strong></span> <span class='ocrx_word' id='word_1_184' title='bbox 254 2401 470 2503; x_wconf 76' lang='lat' dir='ltr'><strong>importunum,</strong></span> <span class='ocrx_word' id='word_1_185' title='bbox 497 2405 592 2476; x_wconf 86' lang='lat' dir='ltr'><strong>cives,</strong></span> <span class='ocrx_word' id='word_1_186' title='bbox 622 2423 689 2463; x_wconf 88' lang='lat' dir='ltr'><strong>cum</strong></span> <span class='ocrx_word' id='word_1_187' title='bbox 713 2413 798 2494; x_wconf 78' lang='lat' dir='ltr'><strong>gente</strong></span> <span class='ocrx_word' id='word_1_188' title='bbox 820 2403 942 2464; x_wconf 81' lang='lat' dir='ltr'><strong>deorum</strong></span> <span class='ocrx_word' id='word_1_189' title='bbox 1103 2409 1158 2462; x_wconf 77' lang='lat' dir='ltr'><strong>aaa</strong></span> 
     </span>
     <span class='ocr_line' id='line_1_27' title="bbox 120 2483 903 2573; baseline 0.004 -28"><span class='ocrx_word' id='word_1_190' title='bbox 120 2486 294 2568; x_wconf 82' lang='lat' dir='ltr'><strong>invictisque</strong></span> <span class='ocrx_word' id='word_1_191' title='bbox 316 2489 386 2550; x_wconf 89' lang='lat' dir='ltr'><strong>viris</strong></span> <span class='ocrx_word' id='word_1_192' title='bbox 409 2490 554 2566; x_wconf 87' lang='lat' dir='ltr'><strong>gerimus,</strong></span> <span class='ocrx_word' id='word_1_193' title='bbox 585 2509 660 2573; x_wconf 90' lang='lat' dir='ltr'><strong>quos</strong></span> <span class='ocrx_word' id='word_1_194' title='bbox 684 2483 761 2549; x_wconf 81' lang='lat' dir='ltr'><strong>nulia</strong></span> <span class='ocrx_word' id='word_1_195' title='bbox 786 2488 903 2568; x_wconf 79' lang='lat' dir='ltr'><strong>fatigant</strong></span> 
     </span>
     <span class='ocr_line' id='line_1_28' title="bbox 120 2569 841 2676; baseline -0.006 -40"><span class='ocrx_word' id='word_1_196' title='bbox 120 2571 249 2642; x_wconf 85' lang='lat' dir='ltr'><strong>Proelia,</strong></span> <span class='ocrx_word' id='word_1_197' title='bbox 281 2593 335 2636; x_wconf 85' lang='lat' dir='ltr'><strong>neo</strong></span> <span class='ocrx_word' id='word_1_198' title='bbox 356 2569 440 2636; x_wconf 80' lang='lat' dir='ltr'><strong>v&#39;icti</strong></span> <span class='ocrx_word' id='word_1_199' title='bbox 448 2585 573 2676; x_wconf 84' lang='lat' dir='ltr'><strong>possunt</strong></span> <span class='ocrx_word' id='word_1_200' title='bbox 595 2573 735 2636; x_wconf 86' lang='lat' dir='ltr'><strong>absistere</strong></span> <span class='ocrx_word' id='word_1_201' title='bbox 758 2574 841 2634; x_wconf 82' lang='lat' dir='ltr'><strong>terro</strong></span> 
     </span>
     <span class='ocr_line' id='line_1_29' title="bbox 120 2654 1003 2750; baseline 0.001 -31"><span class='ocrx_word' id='word_1_202' title='bbox 120 2654 207 2738; x_wconf 87' lang='lat' dir='ltr'><strong>Spem</strong></span> <span class='ocrx_word' id='word_1_203' title='bbox 231 2657 366 2750; x_wconf 86' lang='lat' dir='ltr'><strong>siquam</strong></span> <span class='ocrx_word' id='word_1_204' title='bbox 390 2661 505 2722; x_wconf 86' lang='lat' dir='ltr'><strong>asscitis</strong></span> <span class='ocrx_word' id='word_1_205' title='bbox 527 2660 659 2722; x_wconf 84' lang='lat' dir='ltr'><strong>Aetolum</strong></span> <span class='ocrx_word' id='word_1_206' title='bbox 682 2659 854 2721; x_wconf 87' lang='lat' dir='ltr'><strong>habuistis</strong></span> <span class='ocrx_word' id='word_1_207' title='bbox 847 2681 874 2720; x_wconf 91' lang='grc' dir='ltr'><strong>ιιι</strong></span> <span class='ocrx_word' id='word_1_208' title='bbox 898 2660 1003 2748; x_wconf 82' lang='lat' dir='ltr'><strong>armis,</strong></span> 
     </span>
     <span class='ocr_line' id='line_1_30' title="bbox 121 2741 1081 2828; baseline 0 -24"><span class='ocrx_word' id='word_1_209' title='bbox 121 2744 237 2808; x_wconf 81' lang='lat' dir='ltr'><strong>Ponite:</strong></span> <span class='ocrx_word' id='word_1_210' title='bbox 260 2763 328 2824; x_wconf 91' lang='lat' dir='ltr'><strong>spes</strong></span> <span class='ocrx_word' id='word_1_211' title='bbox 340 2741 395 2805; x_wconf 81' lang='lat' dir='ltr'><strong>sibi</strong></span> <span class='ocrx_word' id='word_1_212' title='bbox 409 2747 550 2828; x_wconf 72' lang='lat' dir='ltr'><strong>quisque,</strong></span> <span class='ocrx_word' id='word_1_213' title='bbox 566 2745 618 2808; x_wconf 87' lang='lat' dir='ltr'><strong>sed</strong></span> <span class='ocrx_word' id='word_1_214' title='bbox 631 2745 702 2807; x_wconf 88' lang='lat' dir='ltr'><strong>haec</strong></span> <span class='ocrx_word' id='word_1_215' title='bbox 713 2765 801 2828; x_wconf 94' lang='lat' dir='ltr'><strong>quam</strong></span> <span class='ocrx_word' id='word_1_216' title='bbox 814 2754 948 2826; x_wconf 81' lang='lat' dir='ltr'><strong>angusta,</strong></span> <span class='ocrx_word' id='word_1_217' title='bbox 965 2745 1081 2816; x_wconf 72' lang='lat' dir='ltr'><strong>uidetis.</strong></span> 
     </span>
     <span class='ocr_line' id='line_1_31' title="bbox 121 2831 1159 2914; baseline -0.003 -24"><span class='ocrx_word' id='word_1_218' title='bbox 121 2831 222 2892; x_wconf 81' lang='lat' dir='ltr'><strong>Cetera</strong></span> <span class='ocrx_word' id='word_1_219' title='bbox 245 2850 308 2911; x_wconf 90' lang='lat' dir='ltr'><strong>qua</strong></span> <span class='ocrx_word' id='word_1_220' title='bbox 326 2849 422 2892; x_wconf 89' lang='lat' dir='ltr'><strong>rerum</strong></span> <span class='ocrx_word' id='word_1_221' title='bbox 440 2833 555 2893; x_wconf 80' lang='lat' dir='ltr'><strong>iaceant</strong></span> <span class='ocrx_word' id='word_1_222' title='bbox 576 2831 727 2914; x_wconf 78' lang='lat' dir='ltr'><strong>perculsa</strong></span> <span class='ocrx_word' id='word_1_223' title='bbox 735 2831 833 2902; x_wconf 87' lang='lat' dir='ltr'><strong>ruina,</strong></span> <span class='ocrx_word' id='word_1_224' title='bbox 1102 2839 1159 2890; x_wconf 82' lang='lat' dir='ltr'><strong>att</strong></span> 
     </span>
     <span class='ocr_line' id='line_1_32' title="bbox 121 2915 1050 3015; baseline 0.002 -39"><span class='ocrx_word' id='word_1_225' title='bbox 121 2915 193 2976; x_wconf 76' lang='lat' dir='ltr'><strong>Ante</strong></span> <span class='ocrx_word' id='word_1_226' title='bbox 215 2915 319 2978; x_wconf 82' lang='lat' dir='ltr'><strong>oculos</strong></span> <span class='ocrx_word' id='word_1_227' title='bbox 340 2915 470 3015; x_wconf 85' lang='lat' dir='ltr'><strong>interque</strong></span> <span class='ocrx_word' id='word_1_228' title='bbox 493 2937 597 2980; x_wconf 90' lang='lat' dir='ltr'><strong>manus</strong></span> <span class='ocrx_word' id='word_1_229' title='bbox 619 2929 688 2978; x_wconf 90' lang='lat' dir='ltr'><strong>sunt</strong></span> <span class='ocrx_word' id='word_1_230' title='bbox 710 2918 806 2978; x_wconf 87' lang='lat' dir='ltr'><strong>omnia</strong></span> <span class='ocrx_word' id='word_1_231' title='bbox 828 2920 948 2978; x_wconf 86' lang='lat' dir='ltr'><strong>vestras.</strong></span> <span class='ocrx_word' id='word_1_232' title='bbox 1048 2915 1050 2918; x_wconf 74' lang='grc'><strong>’</strong></span> 
     </span>
     <span class='ocr_line' id='line_1_33' title="bbox 121 2999 1004 3102; baseline 0.005 -42"><span class='ocrx_word' id='word_1_233' title='bbox 121 2999 182 3062; x_wconf 88' lang='lat' dir='ltr'><strong>Nec</strong></span> <span class='ocrx_word' id='word_1_234' title='bbox 204 3021 380 3086; x_wconf 86' lang='lat' dir='ltr'><strong>quemquam</strong></span> <span class='ocrx_word' id='word_1_235' title='bbox 403 3003 520 3079; x_wconf 89' lang='lat' dir='ltr'><strong>incuso;</strong></span> <span class='ocrx_word' id='word_1_236' title='bbox 551 3007 644 3086; x_wconf 90' lang='lat' dir='ltr'><strong>potuit</strong></span> <span class='ocrx_word' id='word_1_237' title='bbox 667 3023 743 3087; x_wconf 87' lang='lat' dir='ltr'><strong>quae</strong></span> <span class='ocrx_word' id='word_1_238' title='bbox 765 3003 889 3086; x_wconf 86' lang='lat' dir='ltr'><strong>piurima</strong></span> <span class='ocrx_word' id='word_1_239' title='bbox 912 3003 1004 3102; x_wconf 88' lang='lat' dir='ltr'><strong>virtus</strong></span> 
     </span>
    </p>
   </div>
   <div class='ocr_carea' id='block_1_3' title="bbox 1166 1873 1177 1910">
    <p class='ocr_par' dir='ltr' id='par_1_3' title="bbox 1166 1873 1177 1910">
     <span class='ocr_line' id='line_1_34' title="bbox 1166 1873 1177 1910; baseline 0 0"><span class='ocrx_word' id='word_1_240' title='bbox 1166 1873 1177 1910; x_wconf 77' lang='grc' dir='ltr'><em>Ι</em></span> 
     </span>
    </p>
   </div>
   <div class='ocr_carea' id='block_1_4' title="bbox 121 3183 1159 3282">
    <p class='ocr_par' dir='ltr' id='par_1_4' title="bbox 121 3183 1159 3282">
     <span class='ocr_line' id='line_1_35' title="bbox 121 3183 1159 3282; baseline 0 -43"><span class='ocrx_word' id='word_1_241' title='bbox 121 3187 139 3250; x_wconf 72' lang='lat' dir='ltr'><strong>t.</strong></span> <span class='ocrx_word' id='word_1_242' title='bbox 157 3185 251 3256; x_wconf 66' lang='lat' dir='ltr'><strong>tere]</strong></span> <span class='ocrx_word' id='word_1_243' title='bbox 267 3187 372 3242; x_wconf 61' lang='grc' dir='ltr'><strong>-Ήῦ,</strong></span> <span class='ocrx_word' id='word_1_244' title='bbox 384 3185 509 3282; x_wconf 67' lang='lat' dir='ltr'><strong>tumeat,</strong></span> <span class='ocrx_word' id='word_1_245' title='bbox 520 3187 538 3251; x_wconf 75' lang='lat' dir='ltr'><strong>i.</strong></span> <span class='ocrx_word' id='word_1_246' title='bbox 550 3189 574 3245; x_wconf 75' lang='lat'><strong>³.</strong></span> <span class='ocrx_word' id='word_1_247' title='bbox 588 3183 688 3255; x_wconf 73' lang='lat'>4⁸]—</span> <span class='ocrx_word' id='word_1_248' title='bbox 705 3183 764 3241; x_wconf 71' lang='lat'><strong>296.</strong></span> <span class='ocrx_word' id='word_1_249' title='bbox 783 3186 828 3242; x_wconf 81' lang='lat' dir='ltr'><strong>rix</strong></span> <span class='ocrx_word' id='word_1_250' title='bbox 849 3227 855 3239; x_wconf 94' lang='lat'>.</span> <span class='ocrx_word' id='word_1_251' title='bbox 878 3226 884 3240; x_wconf 92' lang='lat'>.</span> <span class='ocrx_word' id='word_1_252' title='bbox 906 3185 1080 3256; x_wconf 63' lang='lat' dir='ltr'><strong>votaque,</strong></span> <span class='ocrx_word' id='word_1_253' title='bbox 1104 3183 1159 3250; x_wconf 56' lang='lat' dir='ltr'><strong>id,</strong></span> 
     </span>
    </p>
   </div>
   <div class='ocr_carea' id='block_1_5' title="bbox 0 0 1218 3630">
    <p class='ocr_par' dir='ltr' id='par_1_5' title="bbox 0 0 1218 3630">
     <span class='ocr_line' id='line_1_36' title="bbox 0 0 1218 3630; baseline 0 0"><span class='ocrx_word' id='word_1_254' title='bbox 0 0 1218 3630; x_wconf 95' lang='lat' dir='ltr'><strong> </strong></span> 
     </span>
    </p>
   </div>
  </div>
 </body>
</html>
