<?xml version="1.0" encoding="UTF-8"?>
<!DOCTYPE html PUBLIC "-//W3C//DTD XHTML 1.0 Transitional//EN"
    "http://www.w3.org/TR/xhtml1/DTD/xhtml1-transitional.dtd">
<html xmlns="http://www.w3.org/1999/xhtml" xml:lang="en" lang="en">
 <head>
  <title>
</title>
<meta http-equiv="Content-Type" content="text/html;charset=utf-8" />
  <meta name='ocr-system' content='tesseract 3.04.00' />
  <meta name='ocr-capabilities' content='ocr_page ocr_carea ocr_par ocr_line ocrx_word'/>
</head>
<body>
  <div class='ocr_page' id='page_1' title='image "./pvirgiliimaroni16virggoog_0417.png"; bbox 0 0 2428 3634; ppageno 0'>
   <div class='ocr_carea' id='block_1_1' title="bbox 850 2 1207 13">
    <p class='ocr_par' dir='ltr' id='par_1_1' title="bbox 850 2 1207 13">
     <span class='ocr_line' id='line_1_1' title="bbox 850 2 1207 13; baseline -0.003 1"><span class='ocrx_word' id='word_1_1' title='bbox 850 2 905 9; x_wconf 60' lang='lat'><strong>&#39;*—-</strong></span> <span class='ocrx_word' id='word_1_2' title='bbox 942 4 1207 13; x_wconf 76' lang='lat'><strong>--—-·--——-—--—-—-</strong></span> 
     </span>
    </p>
   </div>
   <div class='ocr_carea' id='block_1_2' title="bbox 342 193 1200 306">
    <p class='ocr_par' dir='ltr' id='par_1_2' title="bbox 342 193 1200 306">
     <span class='ocr_line' id='line_1_2' title="bbox 342 193 1200 306; baseline -0.015 0"><span class='ocrx_word' id='word_1_3' title='bbox 342 193 463 306; x_wconf 52' lang='lat' dir='ltr'><strong>onas.</strong></span> <span class='ocrx_word' id='word_1_4' title='bbox 487 251 586 304; x_wconf 75' lang='lat' dir='ltr'><strong>unua</strong></span> <span class='ocrx_word' id='word_1_5' title='bbox 603 221 670 304; x_wconf 72' lang='lat' dir='ltr'><strong>n&#39;v.</strong></span> <span class='ocrx_word' id='word_1_6' title='bbox 688 209 884 304; x_wconf 45' lang='lat' dir='ltr'><strong>rau-rans</strong></span> <span class='ocrx_word' id='word_1_7' title='bbox 954 241 959 254; x_wconf 88' lang='lat'>·</span> <span class='ocrx_word' id='word_1_8' title='bbox 1056 231 1097 295; x_wconf 78' lang='lat' dir='ltr'><strong>dl</strong></span> <span class='ocrx_word' id='word_1_9' title='bbox 1197 204 1200 212; x_wconf 74' lang='grc'>’</span> 
     </span>
    </p>
   </div>
   <div class='ocr_carea' id='block_1_3' title="bbox 6 401 1100 3074">
    <p class='ocr_par' dir='ltr' id='par_1_3' title="bbox 61 401 864 491">
     <span class='ocr_line' id='line_1_3' title="bbox 61 401 864 491; baseline -0.007 -16"><span class='ocrx_word' id='word_1_10' title='bbox 61 411 216 475; x_wconf 59' lang='lat' dir='ltr'><strong>Carduae:</strong></span> <span class='ocrx_word' id='word_1_11' title='bbox 239 413 383 472; x_wconf 85' lang='lat' dir='ltr'><strong>intereunt</strong></span> <span class='ocrx_word' id='word_1_12' title='bbox 404 401 532 488; x_wconf 75' lang='lat' dir='ltr'><strong>segetes,</strong></span> <span class='ocrx_word' id='word_1_13' title='bbox 556 409 634 471; x_wconf 89' lang='lat' dir='ltr'><strong>subit</strong></span> <span class='ocrx_word' id='word_1_14' title='bbox 654 427 760 491; x_wconf 86' lang='lat' dir='ltr'><strong>aspera</strong></span> <span class='ocrx_word' id='word_1_15' title='bbox 781 407 864 484; x_wconf 83' lang='lat' dir='ltr'><strong>silva,</strong></span> 
     </span>
    </p>

    <p class='ocr_par' dir='ltr' id='par_1_4' title="bbox 31 494 916 1093">
     <span class='ocr_line' id='line_1_4' title="bbox 31 494 838 584; baseline -0.004 -25"><span class='ocrx_word' id='word_1_16' title='bbox 31 525 34 541; x_wconf 55' lang='lat' dir='ltr'>v</span> <span class='ocrx_word' id='word_1_17' title='bbox 67 499 245 580; x_wconf 70' lang='lat' dir='ltr'><strong>Lappaeque</strong></span> <span class='ocrx_word' id='word_1_18' title='bbox 265 497 431 584; x_wconf 81' lang='lat' dir='ltr'><strong>tribulique,</strong></span> <span class='ocrx_word' id='word_1_19' title='bbox 453 499 587 576; x_wconf 89' lang='lat' dir='ltr'><strong>interque</strong></span> <span class='ocrx_word' id='word_1_20' title='bbox 608 499 729 558; x_wconf 74' lang='lat' dir='ltr'><strong>nitentia</strong></span> <span class='ocrx_word' id='word_1_21' title='bbox 752 494 838 556; x_wconf 85' lang='lat' dir='ltr'><strong>culta·</strong></span> 
     </span>
     <span class='ocr_line' id='line_1_5' title="bbox 67 579 827 645; baseline -0.005 -1"><span class='ocrx_word' id='word_1_22' title='bbox 67 583 172 645; x_wconf 81' lang='lat' dir='ltr'><strong>Infelix</strong></span> <span class='ocrx_word' id='word_1_23' title='bbox 193 583 291 644; x_wconf 86' lang='lat' dir='ltr'><strong>loliurn</strong></span> <span class='ocrx_word' id='word_1_24' title='bbox 314 592 344 644; x_wconf 90' lang='lat' dir='ltr'><strong>et</strong></span> <span class='ocrx_word' id='word_1_25' title='bbox 366 579 480 643; x_wconf 86' lang='lat' dir='ltr'><strong>steriles</strong></span> <span class='ocrx_word' id='word_1_26' title='bbox 503 583 685 645; x_wconf 85' lang='lat' dir='ltr'><strong>dominantur</strong></span> <span class='ocrx_word' id='word_1_27' title='bbox 706 599 827 642; x_wconf 83' lang='lat' dir='ltr'><strong>avenae.</strong></span> 
     </span>
     <span class='ocr_line' id='line_1_6' title="bbox 69 666 910 744; baseline -0.005 -14"><span class='ocrx_word' id='word_1_28' title='bbox 69 669 155 744; x_wconf 84' lang='lat' dir='ltr'><strong>Quod</strong></span> <span class='ocrx_word' id='word_1_29' title='bbox 176 671 234 729; x_wconf 90' lang='lat' dir='ltr'><strong>nisi</strong></span> <span class='ocrx_word' id='word_1_30' title='bbox 256 679 286 730; x_wconf 90' lang='lat' dir='ltr'><strong>et</strong></span> <span class='ocrx_word' id='word_1_31' title='bbox 307 668 432 730; x_wconf 78' lang='lat' dir='ltr'><strong>assiduis</strong></span> <span class='ocrx_word' id='word_1_32' title='bbox 453 669 572 730; x_wconf 87' lang='lat' dir='ltr'><strong>herbam</strong></span> <span class='ocrx_word' id='word_1_33' title='bbox 594 666 778 730; x_wconf 69' lang='lat' dir='ltr'><strong>insectabere</strong></span> <span class='ocrx_word' id='word_1_34' title='bbox 797 669 910 741; x_wconf 86' lang='lat' dir='ltr'><strong>rastris,</strong></span> 
     </span>
     <span class='ocr_line' id='line_1_7' title="bbox 68 755 722 836; baseline -0.002 -20"><span class='ocrx_word' id='word_1_35' title='bbox 68 757 105 816; x_wconf 86' lang='lat' dir='ltr'><strong>Et</strong></span> <span class='ocrx_word' id='word_1_36' title='bbox 128 758 226 816; x_wconf 91' lang='lat' dir='ltr'><strong>souitu</strong></span> <span class='ocrx_word' id='word_1_37' title='bbox 247 755 372 816; x_wconf 88' lang='lat' dir='ltr'><strong>terrebis</strong></span> <span class='ocrx_word' id='word_1_38' title='bbox 394 773 464 815; x_wconf 81' lang='lat' dir='ltr'><strong>ares</strong></span> <span class='ocrx_word' id='word_1_39' title='bbox 487 765 517 816; x_wconf 91' lang='lat' dir='ltr'><strong>et</strong></span> <span class='ocrx_word' id='word_1_40' title='bbox 538 758 612 816; x_wconf 83' lang='lat' dir='ltr'><strong>ruris</strong></span> <span class='ocrx_word' id='word_1_41' title='bbox 635 757 722 836; x_wconf 84' lang='lat' dir='ltr'><strong>opaci</strong></span> 
     </span>
     <span class='ocr_line' id='line_1_8' title="bbox 67 825 916 921; baseline -0.007 -17"><span class='ocrx_word' id='word_1_42' title='bbox 67 825 157 904; x_wconf 73' lang='lat' dir='ltr'><strong>Falce</strong></span> <span class='ocrx_word' id='word_1_43' title='bbox 178 859 294 921; x_wconf 89' lang='lat' dir='ltr'><strong>premes</strong></span> <span class='ocrx_word' id='word_1_44' title='bbox 316 841 432 902; x_wconf 86' lang='lat' dir='ltr'><strong>umbras</strong></span> <span class='ocrx_word' id='word_1_45' title='bbox 454 845 589 921; x_wconf 85' lang='lat' dir='ltr'><strong>votisque</strong></span> <span class='ocrx_word' id='word_1_46' title='bbox 609 843 763 902; x_wconf 80' lang='lat' dir='ltr'><strong>vocaveris</strong></span> <span class='ocrx_word' id='word_1_47' title='bbox 786 839 916 920; x_wconf 87' lang='lat' dir='ltr'><strong>imbrem,</strong></span> 
     </span>
     <span class='ocr_line' id='line_1_9' title="bbox 68 925 906 1006; baseline -0.001 -19"><span class='ocrx_word' id='word_1_48' title='bbox 68 927 141 1004; x_wconf 89' lang='lat' dir='ltr'><strong>lleu,</strong></span> <span class='ocrx_word' id='word_1_49' title='bbox 165 945 299 1005; x_wconf 81' lang='lat' dir='ltr'><strong>magnum</strong></span> <span class='ocrx_word' id='word_1_50' title='bbox 321 925 440 988; x_wconf 88' lang='lat' dir='ltr'><strong>alterius</strong></span> <span class='ocrx_word' id='word_1_51' title='bbox 462 928 569 988; x_wconf 85' lang='lat' dir='ltr'><strong>frustra</strong></span> <span class='ocrx_word' id='word_1_52' title='bbox 591 925 739 1006; x_wconf 76' lang='lat' dir='ltr'><strong>spectabis</strong></span> <span class='ocrx_word' id='word_1_53' title='bbox 762 943 906 1000; x_wconf 83' lang='lat' dir='ltr'><strong>acervum,</strong></span> 
     </span>
     <span class='ocr_line' id='line_1_10' title="bbox 68 1013 859 1093; baseline -0.003 -19"><span class='ocrx_word' id='word_1_54' title='bbox 68 1013 279 1093; x_wconf 82' lang='lat' dir='ltr'><strong>Gonoussaque</strong></span> <span class='ocrx_word' id='word_1_55' title='bbox 300 1013 404 1076; x_wconf 84' lang='lat' dir='ltr'><strong>iamenu</strong></span> <span class='ocrx_word' id='word_1_56' title='bbox 426 1017 456 1074; x_wconf 94' lang='lat' dir='ltr'><strong>in</strong></span> <span class='ocrx_word' id='word_1_57' title='bbox 478 1015 560 1075; x_wconf 81' lang='lat' dir='ltr'><strong>silvis</strong></span> <span class='ocrx_word' id='word_1_58' title='bbox 582 1013 720 1074; x_wconf 85' lang='lat' dir='ltr'><strong>solabere</strong></span> <span class='ocrx_word' id='word_1_59' title='bbox 740 1029 859 1090; x_wconf 88' lang='lat' dir='ltr'><strong>quercu.</strong></span> 
     </span>
    </p>

    <p class='ocr_par' dir='ltr' id='par_1_5' title="bbox 65 1098 930 1868">
     <span class='ocr_line' id='line_1_11' title="bbox 132 1098 930 1180; baseline -0.004 -21"><span class='ocrx_word' id='word_1_60' title='bbox 132 1099 292 1160; x_wconf 87' lang='lat' dir='ltr'><strong>Dicendum</strong></span> <span class='ocrx_word' id='word_1_61' title='bbox 315 1110 354 1176; x_wconf 89' lang='lat' dir='ltr'><strong>et,</strong></span> <span class='ocrx_word' id='word_1_62' title='bbox 377 1117 453 1180; x_wconf 92' lang='lat' dir='ltr'><strong>quae</strong></span> <span class='ocrx_word' id='word_1_63' title='bbox 474 1103 533 1162; x_wconf 94' lang='lat' dir='ltr'><strong>sint</strong></span> <span class='ocrx_word' id='word_1_64' title='bbox 553 1099 633 1160; x_wconf 90' lang='lat' dir='ltr'><strong>duris</strong></span> <span class='ocrx_word' id='word_1_65' title='bbox 654 1098 820 1178; x_wconf 82' lang='lat' dir='ltr'><strong>agrestibus</strong></span> <span class='ocrx_word' id='word_1_66' title='bbox 842 1115 930 1173; x_wconf 88' lang='lat' dir='ltr'><strong>arrna,</strong></span> 
     </span>
     <span class='ocr_line' id='line_1_12' title="bbox 69 1185 899 1266; baseline -0.001 -20"><span class='ocrx_word' id='word_1_67' title='bbox 69 1185 143 1259; x_wconf 84' lang='lat' dir='ltr'><strong>Quis</strong></span> <span class='ocrx_word' id='word_1_68' title='bbox 166 1188 230 1245; x_wconf 91' lang='lat' dir='ltr'><strong>sine</strong></span> <span class='ocrx_word' id='word_1_69' title='bbox 251 1205 307 1246; x_wconf 93' lang='lat' dir='ltr'><strong>uec</strong></span> <span class='ocrx_word' id='word_1_70' title='bbox 328 1195 451 1266; x_wconf 88' lang='lat' dir='ltr'><strong>potuere</strong></span> <span class='ocrx_word' id='word_1_71' title='bbox 474 1189 532 1247; x_wconf 89' lang='lat' dir='ltr'><strong>seri</strong></span> <span class='ocrx_word' id='word_1_72' title='bbox 554 1203 611 1246; x_wconf 89' lang='lat' dir='ltr'><strong>nec</strong></span> <span class='ocrx_word' id='word_1_73' title='bbox 633 1201 754 1264; x_wconf 72' lang='lat' dir='ltr'><strong>surgere</strong></span> <span class='ocrx_word' id='word_1_74' title='bbox 776 1201 899 1260; x_wconf 76' lang='lat' dir='ltr'><strong>messes.</strong></span> 
     </span>
     <span class='ocr_line' id='line_1_13' title="bbox 66 1271 832 1353; baseline -0.003 -21"><span class='ocrx_word' id='word_1_75' title='bbox 66 1271 170 1345; x_wconf 76' lang='lat' dir='ltr'><strong>Verris</strong></span> <span class='ocrx_word' id='word_1_76' title='bbox 193 1281 224 1332; x_wconf 89' lang='lat' dir='ltr'><strong>et</strong></span> <span class='ocrx_word' id='word_1_77' title='bbox 244 1271 341 1333; x_wconf 87' lang='lat' dir='ltr'><strong>indexi</strong></span> <span class='ocrx_word' id='word_1_78' title='bbox 362 1275 485 1353; x_wconf 84' lang='lat' dir='ltr'><strong>primunr</strong></span> <span class='ocrx_word' id='word_1_79' title='bbox 507 1289 598 1350; x_wconf 81' lang='lat' dir='ltr'><strong>grave</strong></span> <span class='ocrx_word' id='word_1_80' title='bbox 619 1272 708 1332; x_wconf 91' lang='lat' dir='ltr'><strong>robur</strong></span> <span class='ocrx_word' id='word_1_81' title='bbox 729 1271 832 1346; x_wconf 81' lang='lat' dir='ltr'><strong>aratri,</strong></span> 
     </span>
     <span class='ocr_line' id='line_1_14' title="bbox 67 1353 854 1437; baseline -0.004 -19"><span class='ocrx_word' id='word_1_82' title='bbox 67 1357 223 1436; x_wconf 82' lang='lat' dir='ltr'><strong>Tardaque</strong></span> <span class='ocrx_word' id='word_1_83' title='bbox 241 1353 399 1420; x_wconf 83' lang='lat' dir='ltr'><strong>Eleusinae</strong></span> <span class='ocrx_word' id='word_1_84' title='bbox 420 1361 520 1418; x_wconf 88' lang='lat' dir='ltr'><strong>matris</strong></span> <span class='ocrx_word' id='word_1_85' title='bbox 541 1358 688 1420; x_wconf 82' lang='lat' dir='ltr'><strong>volventia</strong></span> <span class='ocrx_word' id='word_1_86' title='bbox 709 1355 854 1437; x_wconf 88' lang='lat' dir='ltr'><strong>plaustra,</strong></span> 
     </span>
     <span class='ocr_line' id='line_1_15' title="bbox 65 1442 891 1524; baseline -0.002 -20"><span class='ocrx_word' id='word_1_87' title='bbox 65 1442 241 1522; x_wconf 77' lang='lat' dir='ltr'><strong>&#39;l&#39;ribnlaque</strong></span> <span class='ocrx_word' id='word_1_88' title='bbox 262 1444 439 1524; x_wconf 84' lang='lat' dir='ltr'><strong>traheaeque</strong></span> <span class='ocrx_word' id='word_1_89' title='bbox 461 1454 491 1504; x_wconf 91' lang='lat' dir='ltr'><strong>et</strong></span> <span class='ocrx_word' id='word_1_90' title='bbox 512 1445 611 1523; x_wconf 92' lang='lat' dir='ltr'><strong>iniquo</strong></span> <span class='ocrx_word' id='word_1_91' title='bbox 633 1443 765 1524; x_wconf 89' lang='lat' dir='ltr'><strong>pondere</strong></span> <span class='ocrx_word' id='word_1_92' title='bbox 787 1443 891 1515; x_wconf 71' lang='lat' dir='ltr'><strong>rastri,</strong></span> 
     </span>
     <span class='ocr_line' id='line_1_16' title="bbox 65 1529 764 1614; baseline 0.001 -26"><span class='ocrx_word' id='word_1_93' title='bbox 65 1529 177 1614; x_wconf 82' lang='lat' dir='ltr'><strong>virgea</strong></span> <span class='ocrx_word' id='word_1_94' title='bbox 198 1538 350 1610; x_wconf 87' lang='lat' dir='ltr'><strong>praeterea</strong></span> <span class='ocrx_word' id='word_1_95' title='bbox 373 1529 454 1593; x_wconf 79' lang='lat' dir='ltr'><strong>Celei</strong></span> <span class='ocrx_word' id='word_1_96' title='bbox 476 1529 600 1610; x_wconf 84' lang='lat' dir='ltr'><strong>vilisque</strong></span> <span class='ocrx_word' id='word_1_97' title='bbox 622 1529 764 1609; x_wconf 82' lang='lat' dir='ltr'><strong>supellex,</strong></span> 
     </span>
     <span class='ocr_line' id='line_1_17' title="bbox 66 1613 797 1702; baseline -0.001 -27"><span class='ocrx_word' id='word_1_98' title='bbox 66 1615 215 1676; x_wconf 75' lang='lat' dir='ltr'><strong>Arbuteae</strong></span> <span class='ocrx_word' id='word_1_99' title='bbox 237 1625 333 1676; x_wconf 87' lang='lat' dir='ltr'><strong>crates</strong></span> <span class='ocrx_word' id='word_1_100' title='bbox 356 1625 385 1676; x_wconf 91' lang='lat' dir='ltr'><strong>ct</strong></span> <span class='ocrx_word' id='word_1_101' title='bbox 407 1617 530 1693; x_wconf 78' lang='lat' dir='ltr'><strong>mystica</strong></span> <span class='ocrx_word' id='word_1_102' title='bbox 550 1635 662 1678; x_wconf 84' lang='lat' dir='ltr'><strong>vannus</strong></span> <span class='ocrx_word' id='word_1_103' title='bbox 684 1613 797 1702; x_wconf 66' lang='lat' dir='ltr'><strong>¹³i⁰¹¹ii</strong></span> 
     </span>
     <span class='ocr_line' id='line_1_18' title="bbox 67 1701 899 1783; baseline -0.002 -21"><span class='ocrx_word' id='word_1_104' title='bbox 67 1701 173 1762; x_wconf 86' lang='lat' dir='ltr'><strong>Omnia</strong></span> <span class='ocrx_word' id='word_1_105' title='bbox 196 1720 270 1782; x_wconf 90' lang='lat' dir='ltr'><strong>quae</strong></span> <span class='ocrx_word' id='word_1_106' title='bbox 291 1701 380 1764; x_wconf 89' lang='lat' dir='ltr'><strong>multo</strong></span> <span class='ocrx_word' id='word_1_107' title='bbox 403 1712 471 1763; x_wconf 89' lang='lat' dir='ltr'><strong>ante</strong></span> <span class='ocrx_word' id='word_1_108' title='bbox 491 1721 602 1764; x_wconf 90' lang='lat' dir='ltr'><strong>mernor</strong></span> <span class='ocrx_word' id='word_1_109' title='bbox 622 1703 741 1783; x_wconf 89' lang='lat' dir='ltr'><strong>provisa</strong></span> <span class='ocrx_word' id='word_1_110' title='bbox 762 1717 899 1782; x_wconf 86' lang='lat' dir='ltr'><strong>repones,</strong></span> 
     </span>
     <span class='ocr_line' id='line_1_19' title="bbox 66 1787 715 1868; baseline 0 -20"><span class='ocrx_word' id='word_1_111' title='bbox 66 1789 100 1848; x_wconf 92' lang='lat' dir='ltr'><strong>Si</strong></span> <span class='ocrx_word' id='word_1_112' title='bbox 123 1795 153 1848; x_wconf 91' lang='lat' dir='ltr'><strong>te</strong></span> <span class='ocrx_word' id='word_1_113' title='bbox 175 1787 262 1865; x_wconf 79' lang='lat' dir='ltr'><strong>digna</strong></span> <span class='ocrx_word' id='word_1_114' title='bbox 284 1789 381 1850; x_wconf 86' lang='lat' dir='ltr'><strong>manet</strong></span> <span class='ocrx_word' id='word_1_115' title='bbox 403 1790 491 1850; x_wconf 86' lang='lat' dir='ltr'><strong>divini</strong></span> <span class='ocrx_word' id='word_1_116' title='bbox 513 1789 612 1868; x_wconf 79' lang='lat' dir='ltr'><strong>gloria</strong></span> <span class='ocrx_word' id='word_1_117' title='bbox 630 1789 715 1850; x_wconf 90' lang='lat' dir='ltr'><strong>ruris.</strong></span> 
     </span>
    </p>

    <p class='ocr_par' dir='ltr' id='par_1_6' title="bbox 6 1871 1100 2470">
     <span class='ocr_line' id='line_1_20' title="bbox 66 1871 807 1954; baseline 0 -20"><span class='ocrx_word' id='word_1_118' title='bbox 66 1871 212 1934; x_wconf 78' lang='lat' dir='ltr'><strong>Continuo</strong></span> <span class='ocrx_word' id='word_1_119' title='bbox 234 1875 265 1934; x_wconf 90' lang='lat' dir='ltr'><strong>in</strong></span> <span class='ocrx_word' id='word_1_120' title='bbox 286 1874 368 1935; x_wconf 87' lang='lat' dir='ltr'><strong>silvis</strong></span> <span class='ocrx_word' id='word_1_121' title='bbox 390 1893 495 1954; x_wconf 80' lang='lat' dir='ltr'><strong>magna</strong></span> <span class='ocrx_word' id='word_1_122' title='bbox 516 1878 545 1938; x_wconf 84' lang='lat' dir='ltr'><strong>vi</strong></span> <span class='ocrx_word' id='word_1_123' title='bbox 566 1876 642 1937; x_wconf 86' lang='lat' dir='ltr'><strong>llcxa</strong></span> <span class='ocrx_word' id='word_1_124' title='bbox 664 1875 807 1936; x_wconf 82' lang='lat' dir='ltr'><strong>domatur</strong></span> 
     </span>
     <span class='ocr_line' id='line_1_21' title="bbox 6 1958 1100 2042; baseline 0.005 -23"><span class='ocrx_word' id='word_1_125' title='bbox 6 1991 7 1998; x_wconf 22' lang='grc' dir='ltr'><strong>κ</strong></span> <span class='ocrx_word' id='word_1_126' title='bbox 66 1959 99 2020; x_wconf 91' lang='lat' dir='ltr'><strong>ln</strong></span> <span class='ocrx_word' id='word_1_127' title='bbox 121 1958 214 2019; x_wconf 90' lang='lat' dir='ltr'><strong>burim</strong></span> <span class='ocrx_word' id='word_1_128' title='bbox 236 1969 266 2020; x_wconf 88' lang='lat' dir='ltr'><strong>ct</strong></span> <span class='ocrx_word' id='word_1_129' title='bbox 288 1963 368 2022; x_wconf 71' lang='lat' dir='ltr'><strong>cnwi</strong></span> <span class='ocrx_word' id='word_1_130' title='bbox 390 1961 511 2022; x_wconf 80' lang='lat' dir='ltr'><strong>formam</strong></span> <span class='ocrx_word' id='word_1_131' title='bbox 534 1965 642 2042; x_wconf 89' lang='lat' dir='ltr'><strong>accipit</strong></span> <span class='ocrx_word' id='word_1_132' title='bbox 663 1961 757 2024; x_wconf 89' lang='lat' dir='ltr'><strong>ulnrus</strong></span> <span class='ocrx_word' id='word_1_133' title='bbox 779 1962 884 2033; x_wconf 78' lang='lat' dir='ltr'><strong>aratri3</strong></span> <span class='ocrx_word' id='word_1_134' title='bbox 1049 1969 1100 2024; x_wconf 79' lang='lat'><strong>1⁷0</strong></span> 
     </span>
     <span class='ocr_line' id='line_1_22' title="bbox 64 2045 853 2127; baseline 0.004 -23"><span class='ocrx_word' id='word_1_135' title='bbox 64 2045 143 2112; x_wconf 81' lang='lat' dir='ltr'><strong>Huic</strong></span> <span class='ocrx_word' id='word_1_136' title='bbox 164 2045 200 2105; x_wconf 87' lang='lat' dir='ltr'><strong>ab</strong></span> <span class='ocrx_word' id='word_1_137' title='bbox 223 2048 315 2127; x_wconf 89' lang='lat' dir='ltr'><strong>stirpe</strong></span> <span class='ocrx_word' id='word_1_138' title='bbox 335 2047 427 2127; x_wconf 91' lang='lat' dir='ltr'><strong>pedes</strong></span> <span class='ocrx_word' id='word_1_139' title='bbox 449 2057 526 2108; x_wconf 87' lang='lat' dir='ltr'><strong>terno</strong></span> <span class='ocrx_word' id='word_1_140' title='bbox 549 2057 700 2127; x_wconf 89' lang='lat' dir='ltr'><strong>protentus</strong></span> <span class='ocrx_word' id='word_1_141' title='bbox 723 2049 753 2106; x_wconf 93' lang='lat' dir='ltr'><strong>in</strong></span> <span class='ocrx_word' id='word_1_142' title='bbox 775 2056 853 2121; x_wconf 90' lang='lat' dir='ltr'><strong>octo,</strong></span> 
     </span>
     <span class='ocr_line' id='line_1_23' title="bbox 64 2113 918 2214; baseline -0.006 -18"><span class='ocrx_word' id='word_1_143' title='bbox 64 2113 159 2196; x_wconf 73' lang='lat' dir='ltr'><strong>binae</strong></span> <span class='ocrx_word' id='word_1_144' title='bbox 180 2149 276 2209; x_wconf 89' lang='lat' dir='ltr'><strong>aures,</strong></span> <span class='ocrx_word' id='word_1_145' title='bbox 299 2131 407 2212; x_wconf 91' lang='lat' dir='ltr'><strong>duplici</strong></span> <span class='ocrx_word' id='word_1_146' title='bbox 430 2141 563 2212; x_wconf 88' lang='lat' dir='ltr'><strong>aptantur</strong></span> <span class='ocrx_word' id='word_1_147' title='bbox 584 2133 710 2192; x_wconf 90' lang='lat' dir='ltr'><strong>dentalia</strong></span> <span class='ocrx_word' id='word_1_148' title='bbox 733 2131 832 2192; x_wconf 92' lang='lat' dir='ltr'><strong>dorso.</strong></span> <span class='ocrx_word' id='word_1_149' title='bbox 917 2211 918 2214; x_wconf 7' lang='grc' dir='ltr'><strong>Ἴ</strong></span> 
     </span>
     <span class='ocr_line' id='line_1_24' title="bbox 67 2215 861 2296; baseline -0.005 -16"><span class='ocrx_word' id='word_1_150' title='bbox 67 2215 206 2280; x_wconf 81' lang='lat' dir='ltr'><strong>Caeditur</strong></span> <span class='ocrx_word' id='word_1_151' title='bbox 227 2227 257 2279; x_wconf 92' lang='lat' dir='ltr'><strong>et</strong></span> <span class='ocrx_word' id='word_1_152' title='bbox 277 2217 339 2278; x_wconf 91' lang='lat' dir='ltr'><strong>tilia</strong></span> <span class='ocrx_word' id='word_1_153' title='bbox 361 2227 428 2278; x_wconf 90' lang='lat' dir='ltr'><strong>ante</strong></span> <span class='ocrx_word' id='word_1_154' title='bbox 450 2221 519 2296; x_wconf 81' lang='lat' dir='ltr'><strong>iugo</strong></span> <span class='ocrx_word' id='word_1_155' title='bbox 541 2218 616 2278; x_wconf 85' lang='lat' dir='ltr'><strong>levis</strong></span> <span class='ocrx_word' id='word_1_156' title='bbox 638 2216 754 2296; x_wconf 85' lang='lat' dir='ltr'><strong>altaque</strong></span> <span class='ocrx_word' id='word_1_157' title='bbox 776 2215 861 2293; x_wconf 70' lang='lat' dir='ltr'><strong>fagus</strong></span> 
     </span>
     <span class='ocr_line' id='line_1_25' title="bbox 67 2303 910 2384; baseline -0.002 -20"><span class='ocrx_word' id='word_1_158' title='bbox 67 2303 217 2384; x_wconf 78' lang='lat' dir='ltr'><strong>Stiraqup,</strong></span> <span class='ocrx_word' id='word_1_159' title='bbox 241 2321 316 2383; x_wconf 88' lang='lat' dir='ltr'><strong>quae</strong></span> <span class='ocrx_word' id='word_1_160' title='bbox 338 2321 439 2365; x_wconf 90' lang='lat' dir='ltr'><strong>currus</strong></span> <span class='ocrx_word' id='word_1_161' title='bbox 462 2321 480 2364; x_wconf 88' lang='lat' dir='ltr'><strong>a</strong></span> <span class='ocrx_word' id='word_1_162' title='bbox 500 2312 586 2381; x_wconf 78' lang='lat' dir='ltr'><strong>tergo</strong></span> <span class='ocrx_word' id='word_1_163' title='bbox 608 2312 743 2384; x_wconf 89' lang='lat' dir='ltr'><strong>torqueat</strong></span> <span class='ocrx_word' id='word_1_164' title='bbox 763 2303 854 2375; x_wconf 79' lang='lat' dir='ltr'><strong>imos3</strong></span> <span class='ocrx_word' id='word_1_165' title='bbox 907 2341 910 2348; x_wconf 65' lang='grc'><strong><em>«</em></strong></span> 
     </span>
     <span class='ocr_line' id='line_1_26' title="bbox 66 2389 779 2470; baseline -0.003 -20"><span class='ocrx_word' id='word_1_166' title='bbox 66 2389 106 2450; x_wconf 86' lang='lat' dir='ltr'><strong>Et</strong></span> <span class='ocrx_word' id='word_1_167' title='bbox 127 2405 271 2469; x_wconf 87' lang='lat' dir='ltr'><strong>suspensa</strong></span> <span class='ocrx_word' id='word_1_168' title='bbox 292 2390 368 2450; x_wconf 88' lang='lat' dir='ltr'><strong>locis</strong></span> <span class='ocrx_word' id='word_1_169' title='bbox 391 2389 524 2470; x_wconf 86' lang='lat' dir='ltr'><strong>explorat</strong></span> <span class='ocrx_word' id='word_1_170' title='bbox 545 2389 652 2450; x_wconf 88' lang='lat' dir='ltr'><strong>robora</strong></span> <span class='ocrx_word' id='word_1_171' title='bbox 674 2389 779 2450; x_wconf 78' lang='lat' dir='ltr'><strong>burnus.</strong></span> 
     </span>
    </p>

    <p class='ocr_par' dir='ltr' id='par_1_7' title="bbox 66 2471 910 2642">
     <span class='ocr_line' id='line_1_27' title="bbox 132 2471 910 2556; baseline -0.005 -20"><span class='ocrx_word' id='word_1_172' title='bbox 132 2475 254 2536; x_wconf 86' lang='lat' dir='ltr'><strong>Possum</strong></span> <span class='ocrx_word' id='word_1_173' title='bbox 275 2476 364 2538; x_wconf 88' lang='lat' dir='ltr'><strong>ruultu</strong></span> <span class='ocrx_word' id='word_1_174' title='bbox 385 2475 437 2537; x_wconf 93' lang='lat' dir='ltr'><strong>tibi</strong></span> <span class='ocrx_word' id='word_1_175' title='bbox 458 2485 588 2536; x_wconf 85' lang='lat' dir='ltr'><strong>veterum</strong></span> <span class='ocrx_word' id='word_1_176' title='bbox 610 2471 910 2556; x_wconf 80' lang='lat' dir='ltr'><strong>praeceptarelerre,</strong></span> 
     </span>
     <span class='ocr_line' id='line_1_28' title="bbox 66 2561 844 2642; baseline -0.006 -18"><span class='ocrx_word' id='word_1_177' title='bbox 66 2561 104 2624; x_wconf 85' lang='lat' dir='ltr'><strong>tti</strong></span> <span class='ocrx_word' id='word_1_178' title='bbox 125 2561 237 2639; x_wconf 75' lang='lat' dir='ltr'><strong>refugis</strong></span> <span class='ocrx_word' id='word_1_179' title='bbox 258 2571 419 2642; x_wconf 85' lang='lat' dir='ltr'><strong>tenuesque</strong></span> <span class='ocrx_word' id='word_1_180' title='bbox 439 2565 522 2642; x_wconf 79' lang='lat' dir='ltr'><strong>piget</strong></span> <span class='ocrx_word' id='word_1_181' title='bbox 544 2579 727 2640; x_wconf 81' lang='lat' dir='ltr'><strong>cognoscere</strong></span> <span class='ocrx_word' id='word_1_182' title='bbox 748 2577 844 2621; x_wconf 87' lang='lat' dir='ltr'><strong>curas.</strong></span> 
     </span>
    </p>

    <p class='ocr_par' dir='ltr' id='par_1_8' title="bbox 131 2645 880 2728">
     <span class='ocr_line' id='line_1_29' title="bbox 131 2645 880 2728; baseline -0.003 -19"><span class='ocrx_word' id='word_1_183' title='bbox 131 2648 210 2709; x_wconf 82' lang='lat' dir='ltr'><strong>Arca</strong></span> <span class='ocrx_word' id='word_1_184' title='bbox 234 2651 421 2728; x_wconf 88' lang='lat' dir='ltr'><strong>cumprimis</strong></span> <span class='ocrx_word' id='word_1_185' title='bbox 443 2651 554 2726; x_wconf 80' lang='lat' dir='ltr'><strong>ingenti</strong></span> <span class='ocrx_word' id='word_1_186' title='bbox 578 2646 728 2728; x_wconf 88' lang='lat' dir='ltr'><strong>aequanda</strong></span> <span class='ocrx_word' id='word_1_187' title='bbox 746 2645 880 2724; x_wconf 72' lang='lat' dir='ltr'><strong>&#39;cylindro</strong></span> 
     </span>
    </p>

    <p class='ocr_par' dir='ltr' id='par_1_9' title="bbox 22 2733 827 2810">
     <span class='ocr_line' id='line_1_30' title="bbox 22 2733 827 2810; baseline -0.005 -14"><span class='ocrx_word' id='word_1_188' title='bbox 22 2755 27 2764; x_wconf 74' lang='lat'><strong><em>¹</em></strong></span> <span class='ocrx_word' id='word_1_189' title='bbox 67 2734 106 2796; x_wconf 82' lang='lat' dir='ltr'><strong>Et</strong></span> <span class='ocrx_word' id='word_1_190' title='bbox 126 2733 265 2794; x_wconf 84' lang='lat' dir='ltr'><strong>vertenda</strong></span> <span class='ocrx_word' id='word_1_191' title='bbox 287 2753 373 2795; x_wconf 88' lang='lat' dir='ltr'><strong>mann</strong></span> <span class='ocrx_word' id='word_1_192' title='bbox 395 2743 425 2794; x_wconf 88' lang='lat' dir='ltr'><strong>et</strong></span> <span class='ocrx_word' id='word_1_193' title='bbox 446 2743 526 2796; x_wconf 86' lang='lat' dir='ltr'><strong>creta</strong></span> <span class='ocrx_word' id='word_1_194' title='bbox 548 2733 699 2795; x_wconf 88' lang='lat' dir='ltr'><strong>solidanda</strong></span> <span class='ocrx_word' id='word_1_195' title='bbox 720 2733 827 2810; x_wconf 90' lang='lat' dir='ltr'><strong>tenaci,</strong></span> 
     </span>
    </p>

    <p class='ocr_par' dir='ltr' id='par_1_10' title="bbox 66 2817 1099 3074">
     <span class='ocr_line' id='line_1_31' title="bbox 66 2817 1099 2901; baseline 0 -19"><span class='ocrx_word' id='word_1_196' title='bbox 66 2819 112 2882; x_wconf 83' lang='lat' dir='ltr'><strong>Ne</strong></span> <span class='ocrx_word' id='word_1_197' title='bbox 134 2819 257 2880; x_wconf 88' lang='lat' dir='ltr'><strong>subeant</strong></span> <span class='ocrx_word' id='word_1_198' title='bbox 278 2819 396 2898; x_wconf 87' lang='lat' dir='ltr'><strong>herbae,</strong></span> <span class='ocrx_word' id='word_1_199' title='bbox 418 2839 476 2880; x_wconf 88' lang='lat' dir='ltr'><strong>neu</strong></span> <span class='ocrx_word' id='word_1_200' title='bbox 496 2819 616 2901; x_wconf 80' lang='lat' dir='ltr'><strong>pulvere</strong></span> <span class='ocrx_word' id='word_1_201' title='bbox 638 2822 714 2880; x_wconf 81' lang='lat' dir='ltr'><strong>victa</strong></span> <span class='ocrx_word' id='word_1_202' title='bbox 737 2817 863 2895; x_wconf 85' lang='lat' dir='ltr'><strong>fatiscat,</strong></span> <span class='ocrx_word' id='word_1_203' title='bbox 1042 2827 1099 2882; x_wconf 79' lang='lat'><strong>»18⁰</strong></span> 
     </span>
     <span class='ocr_line' id='line_1_32' title="bbox 66 2905 880 2988; baseline -0.002 -20"><span class='ocrx_word' id='word_1_204' title='bbox 66 2908 138 2968; x_wconf 85' lang='lat' dir='ltr'><strong>Turn</strong></span> <span class='ocrx_word' id='word_1_205' title='bbox 159 2907 259 2966; x_wconf 78' lang='lat' dir='ltr'><strong>vanae</strong></span> <span class='ocrx_word' id='word_1_206' title='bbox 280 2905 401 2968; x_wconf 90' lang='lat' dir='ltr'><strong>illudant</strong></span> <span class='ocrx_word' id='word_1_207' title='bbox 421 2916 536 2988; x_wconf 86' lang='lat' dir='ltr'><strong>pestes:</strong></span> <span class='ocrx_word' id='word_1_208' title='bbox 561 2924 650 2987; x_wconf 86' lang='lat' dir='ltr'><strong>saepe</strong></span> <span class='ocrx_word' id='word_1_209' title='bbox 673 2908 795 2986; x_wconf 79' lang='lat' dir='ltr'><strong>exiguus</strong></span> <span class='ocrx_word' id='word_1_210' title='bbox 816 2925 880 2966; x_wconf 89' lang='lat' dir='ltr'><strong>mus</strong></span> 
     </span>
     <span class='ocr_line' id='line_1_33' title="bbox 67 2991 892 3074; baseline -0.002 -20"><span class='ocrx_word' id='word_1_211' title='bbox 67 2991 128 3054; x_wconf 89' lang='lat' dir='ltr'><strong>Sub</strong></span> <span class='ocrx_word' id='word_1_212' title='bbox 151 2993 238 3054; x_wconf 91' lang='lat' dir='ltr'><strong>terris</strong></span> <span class='ocrx_word' id='word_1_213' title='bbox 259 2995 416 3074; x_wconf 83' lang='lat' dir='ltr'><strong>posuitque</strong></span> <span class='ocrx_word' id='word_1_214' title='bbox 438 2992 541 3053; x_wconf 87' lang='lat' dir='ltr'><strong>domos</strong></span> <span class='ocrx_word' id='word_1_215' title='bbox 568 3003 657 3073; x_wconf 90' lang='lat' dir='ltr'><strong>atque</strong></span> <span class='ocrx_word' id='word_1_216' title='bbox 678 2992 783 3054; x_wconf 87' lang='lat' dir='ltr'><strong>horrea</strong></span> <span class='ocrx_word' id='word_1_217' title='bbox 806 2993 892 3064; x_wconf 81' lang='lat' dir='ltr'><strong>iecit3</strong></span> 
     </span>
    </p>
   </div>
   <div class='ocr_carea' id='block_1_4' title="bbox 67 3121 1129 3332">
    <p class='ocr_par' dir='ltr' id='par_1_11' title="bbox 67 3121 1129 3332">
     <span class='ocr_line' id='line_1_34' title="bbox 67 3121 1129 3246; baseline -0.004 -66"><span class='ocrx_word' id='word_1_218' title='bbox 67 3121 130 3184; x_wconf 82' lang='lat' dir='ltr'><strong>lbi.</strong></span> <span class='ocrx_word' id='word_1_219' title='bbox 148 3126 206 3194; x_wconf 84' lang='lat' dir='ltr'><strong>quis</strong></span> <span class='ocrx_word' id='word_1_220' title='bbox 224 3127 289 3190; x_wconf 83' lang='lat' dir='ltr'><strong>sine,</strong></span> <span class='ocrx_word' id='word_1_221' title='bbox 306 3126 344 3180; x_wconf 78' lang='lat' dir='ltr'><strong>bie</strong></span> <span class='ocrx_word' id='word_1_222' title='bbox 355 3123 485 3194; x_wconf 59' lang='lat' dir='ltr'><strong>‘littipcsttt</strong></span> <span class='ocrx_word' id='word_1_223' title='bbox 497 3123 566 3188; x_wconf 66' lang='lat' dir='ltr'><strong>aad:</strong></span> <span class='ocrx_word' id='word_1_224' title='bbox 602 3129 653 3194; x_wconf 75' lang='lat' dir='ltr'><strong>ogi.</strong></span> <span class='ocrx_word' id='word_1_225' title='bbox 664 3126 693 3180; x_wconf 86' lang='lat' dir='ltr'><strong>G.</strong></span> <span class='ocrx_word' id='word_1_226' title='bbox 702 3122 800 3246; x_wconf 48' lang='grc' dir='ltr'><strong>ΜΝΞ]</strong></span> <span class='ocrx_word' id='word_1_227' title='bbox 811 3121 914 3178; x_wconf 73' lang='lat' dir='ltr'><strong>-ltd</strong></span> <span class='ocrx_word' id='word_1_228' title='bbox 930 3123 1097 3210; x_wconf 58' lang='lat' dir='ltr'><strong>tribulaque,</strong></span> <span class='ocrx_word' id='word_1_229' title='bbox 1126 3147 1129 3154; x_wconf 49' lang='lat'>¹</span> 
     </span>
     <span class='ocr_line' id='line_1_35' title="bbox 69 3188 1098 3264; baseline -0.006 -14"><span class='ocrx_word' id='word_1_230' title='bbox 69 3197 161 3264; x_wconf 41' lang='lat' dir='ltr'><strong>ssefentp</strong></span> <span class='ocrx_word' id='word_1_231' title='bbox 182 3196 201 3261; x_wconf 65' lang='grc' dir='ltr'><strong>Ῐο</strong></span> <span class='ocrx_word' id='word_1_232' title='bbox 218 3195 248 3248; x_wconf 62' lang='lat' dir='ltr'><strong>A·</strong></span> <span class='ocrx_word' id='word_1_233' title='bbox 268 3193 297 3259; x_wconf 72' lang='lat' dir='ltr'><strong>lp</strong></span> <span class='ocrx_word' id='word_1_234' title='bbox 314 3191 359 3264; x_wconf 74' lang='grc'><strong>13]</strong></span> <span class='ocrx_word' id='word_1_235' title='bbox 378 3223 412 3233; x_wconf 88' lang='grc'><strong>·“·</strong></span> <span class='ocrx_word' id='word_1_236' title='bbox 430 3190 491 3248; x_wconf 63' lang='lat'><strong>¹6³0</strong></span> <span class='ocrx_word' id='word_1_237' title='bbox 507 3194 565 3248; x_wconf 60' lang='grc' dir='ltr'><strong>Ἴθι·</strong></span> <span class='ocrx_word' id='word_1_238' title='bbox 601 3199 675 3264; x_wconf 61' lang='lat' dir='ltr'><strong>Istnssp</strong></span> <span class='ocrx_word' id='word_1_239' title='bbox 693 3197 712 3262; x_wconf 68' lang='grc' dir='ltr'><strong>ῐο</strong></span> <span class='ocrx_word' id='word_1_240' title='bbox 729 3196 760 3248; x_wconf 75' lang='grc' dir='ltr'><strong>Α·</strong></span> <span class='ocrx_word' id='word_1_241' title='bbox 795 3231 803 3259; x_wconf 77' lang='lat' dir='ltr'><strong>p</strong></span> <span class='ocrx_word' id='word_1_242' title='bbox 820 3190 867 3262; x_wconf 71' lang='grc'><strong>91]</strong></span> <span class='ocrx_word' id='word_1_243' title='bbox 885 3223 920 3234; x_wconf 76' lang='lat'><strong>&#39;&#39;-</strong></span> <span class='ocrx_word' id='word_1_244' title='bbox 938 3188 997 3248; x_wconf 65' lang='lat'><strong>1650</strong></span> <span class='ocrx_word' id='word_1_245' title='bbox 1016 3192 1098 3256; x_wconf 63' lang='grc' dir='ltr'><strong>οθιὸἶ,</strong></span> 
     </span>
     <span class='ocr_line' id='line_1_36' title="bbox 67 3263 1097 3332; baseline 0.002 -16"><span class='ocrx_word' id='word_1_246' title='bbox 67 3265 166 3328; x_wconf 83' lang='lat' dir='ltr'><strong>nentia,</strong></span> <span class='ocrx_word' id='word_1_247' title='bbox 192 3264 291 3332; x_wconf 64' lang='lat' dir='ltr'><strong>ttflnio</strong></span> <span class='ocrx_word' id='word_1_248' title='bbox 316 3287 346 3312; x_wconf 90' lang='lat'>=</span> <span class='ocrx_word' id='word_1_249' title='bbox 371 3279 401 3315; x_wconf 87' lang='lat' dir='ltr'><strong>se</strong></span> <span class='ocrx_word' id='word_1_250' title='bbox 425 3263 565 3327; x_wconf 74' lang='lat' dir='ltr'><strong>volventia,</strong></span> <span class='ocrx_word' id='word_1_251' title='bbox 600 3267 644 3320; x_wconf 77' lang='lat' dir='ltr'><strong>brt</strong></span> <span class='ocrx_word' id='word_1_252' title='bbox 664 3265 762 3322; x_wconf 65' lang='lat' dir='ltr'><strong>idaim</strong></span> <span class='ocrx_word' id='word_1_253' title='bbox 789 3266 832 3320; x_wconf 71' lang='lat' dir='ltr'><strong>bed</strong></span> <span class='ocrx_word' id='word_1_254' title='bbox 854 3263 1042 3332; x_wconf 68' lang='lat' dir='ltr'><strong>sstdctcltatad]</strong></span> <span class='ocrx_word' id='word_1_255' title='bbox 1063 3291 1097 3302; x_wconf 91' lang='lat'><strong>·-</strong></span> 
     </span>
    </p>
   </div>
   <div class='ocr_carea' id='block_1_5' title="bbox 0 0 1218 3634">
    <p class='ocr_par' dir='ltr' id='par_1_12' title="bbox 0 0 1218 3634">
     <span class='ocr_line' id='line_1_37' title="bbox 0 0 1218 3634; baseline 0 0"><span class='ocrx_word' id='word_1_256' title='bbox 0 0 1218 3634; x_wconf 95' lang='lat' dir='ltr'><strong> </strong></span> 
     </span>
    </p>
   </div>
  </div>
 </body>
</html>
