2428 3634
147 239 190 308 m
269 235 305 302 ⁸.
420 255 542 312 cnunc
566 221 666 312 imma
680 255 709 310 n·
722 271 749 311 a
767 252 914 313 art-um.

148 417 215 479 Vox
237 433 353 496 quoque
375 434 429 498 per
449 415 532 480 luces
554 413 642 494 vulgo
665 413 800 479 exauditu
822 415 943 476 silentes

149 504 266 582 ingens,
290 512 319 564 et
341 501 503 566 simulacre
518 503 611 564 modis
634 502 772 582 pallentia
792 503 873 566 miris

54 587 73 664 'p
110 646 118 658 ,
149 591 221 652 Visa
245 589 298 650 sub
321 589 476 650 obscurum
499 591 605 664 nectis,
634 583 830 668 pecudesque.
844 588 977 663 locutae,

148 675 441 738 lnianduml‘sistunt
463 691 562 734 amnes
585 685 739 754 terraeque
761 675 922 750 debiscunt,
986 670 990 675 ’

148 763 186 825 ur
208 771 348 823 maestum
371 761 522 820 illacrimat
543 761 660 841 templis
683 761 754 824 ebur
776 779 903 840 aeraque
925 761 1040 822 sudant.

148 849 258 910 Proluit
280 851 384 908 insano
409 856 605 926 contorquens
629 851 740 910 vertice
761 847 851 908 silvas

137 929 313 998 ‘Fluvicr'um
336 951 388 993 rex
409 933 563 1010 Eridanus,
587 953 766 1014 camposque
788 953 842 1014 per
864 952 965 994 omnes
1026 957 1028 966 ⁴

149 1021 221 1084 (lum
244 1019 365 1080 stabulis
388 1030 517 1098 armenta
539 1021 612 1082 tulit.
657 1021 720 1082 Nec
742 1030 875 1100 tempure
896 1020 1001 1081 eodem

149 1108 291 1172 Tristibus
314 1109 459 1167 autentis
482 1107 579 1168 fibrae
596 1125 738 1188 apparere
760 1107 899 1183 minaces,

149 1197 207 1256 Aut
228 1196 325 1276 puteis
347 1209 465 1254 manare
487 1211 574 1254 cruor
595 1197 739 1271 cessarit,
763 1204 793 1254 et
815 1194 892 1254 altae

150 1261 205 1342 l'er
226 1290 342 1340 nectem
365 1297 506 1360 reserpere
528 1280 605 1360 lupis
627 1280 801 1342 ululantibus
823 1273 945 1342 urnas

150 1369 214 1428 Non
238 1367 311 1428 alias
334 1365 416 1426 caele
441 1366 607 1429 ceciderunt
628 1367 715 1446 plura
735 1385 840 1428 sereno
869 1427 871 1434 ,

149 1455 285 1532 Fulgura,
309 1471 364 1512 nec
387 1453 441 1512 diri
464 1455 571 1514 totiens
594 1472 694 1518 arsere
717 1463 858 1515 cometae.
938 1499 941 1505 -
1026 1475 1027 1480 ’

215 1541 296 1618 Ergo
319 1542 394 1600 inter
416 1557 485 1602 sese
506 1539 625 1618 paribus
645 1545 824 1618 ‚concurrere
845 1539 912 1600 telis
1030 1561 1034 1570 ·

149 1629 295 1688 Romanas
318 1629 399 1686 acies
421 1628 523 1687 iterum
546 1627 646 1686 videre
663 1626 787 1706 Philippi
795 1649 819 1700 3.-

149 1713 212 1773 Nec
234 1713 287 1772 luit
308 1712 457 1789 indignum
479 1715 593 1791 superis
616 1712 662 1773 bis
678 1716 827 1790 sauguine
849 1721 951 1774 nostre
1001 1759 1003 1770 ,
1039 1790 1042 1795 ¹

149 1798 311 1860 Emathiam
335 1807 363 1856 et
385 1797 460 1857 latos
483 1798 584 1858 Haemi
606 1802 803 1877 pinguescere
826 1815 955 1878 campus.

149 1884 271 1948 Scilicet
294 1893 323 1944 et
344 1893 458 1962 tempus
480 1885 586 1959 veniet,
616 1881 683 1944 cum
704 1885 809 1946 finibus
832 1885 890 1946 illis

148 1969 298 2050 Agricola,
321 1973 440 2030 incurro
462 1979 568 2030 terram
591 1970 707 2033 molitus
730 1981 837 2049 aratro,
916 2013 918 2020 ›

148 2059 246 2122 Exesa
269 2057 396 2118 inveniet
419 2055 523 2118 scabra
545 2055 680 2136 robigine
702 2057 771 2139 pila,

149 2148 208 2208 Aut
230 2143 366 2222 gravibus
389 2146 492 2226 rastris
515 2143 616 2222 galeas
639 2144 767 2224 pulsabit
789 2147 901 2217 inanes,
973 2173 974 2176 ¹

37 2239 39 2244 ’
150 2231 334 2312 Grandiaque
357 2230 475 2292 effossis
497 2230 647 2292 mirabitur
669 2249 739 2292 ossa
762 2231 916 2310 sepulcris.

141 2309 187 2384 'ui
208 2321 304 2398 patrii,
327 2316 484 2395 indigetes,
501 2325 537 2378 ‚et
558 2309 681 2378 Romule
702 2317 852 2396 Vestaque
874 2327 975 2392 mater,
1045 2367 1049 2382 .

152 2405 235 2478 Quae
257 2404 381 2464 Tuscum
404 2403 529 2466 Tiberim
553 2413 582 2462 et
604 2403 735 2466 Romana
757 2403 867 2470 Palatia
889 2421 1000 2479 servas,

148 2491 231 2551 Hunc
254 2489 356 2549 saltem
379 2507 483 2550 everso
505 2493 638 2563 iuvenem
661 2508 832 2552 succurrere
854 2491 935 2552 seclc
1004 2533 1006 2540 ,

148 2575 193 2637 Ne
214 2574 382 2655 prohibete!
406 2577 484 2637 Satis
506 2579 562 2636 iam
584 2573 696 2654 pridem
719 2580 862 2655 sanguine
882 2586 983 2640 nestro
1201 2639 1204 2655 ,

61 2656 65 2670 ’
126 2661 381 2736 ὲιαοωεᾱοηιθαθ
403 2662 507 2722 luimus
529 2665 656 2742 periuria
678 2662 792 2724 Troiae.
855 2703 858 2720 .
1064 2691 1066 2696 ·

148 2749 208 2812 lam
229 2747 341 2828 pridem
363 2747 450 2808 nobis
473 2749 547 2810 caeli
569 2758 599 2816 tc
621 2751 713 2828 regia,
737 2748 856 2826 Caesar,

148 2831 269 2911 invidet,
292 2842 379 2912 atque
401 2833 546 2896 hominum
570 2837 698 2914 queritur
720 2853 822 2896 curare
844 2836 1020 2916 triumphes:

149 3001 324 3074 rre.vu1g0‚
351 3004 401 3070 ugit
423 3002 454 3056 A.
478 3000 507 3067 3,
530 2999 647 3070 6431-
681 3020 737 3059 rum
760 3020 819 3069 rex,
847 3005 864 3069 f.
887 3004 917 3058 A.
940 3003 971 3070 8,
997 2997 1043 3071 77]
1065 3033 1101 3072 7·
1123 3001 1179 3058 489.

74 3134 77 3142 ,
148 3070 208 3134 480.
228 3074 299 3136 ebur,
319 3089 386 3136 aera,
405 3076 428 3130 t,
448 3071 647 3128 ‚dtttercutet
681 3073 800 3141 paribus,
821 3073 885 3130 ,tecit
907 3073 1004 3130 diducet
1030 3086 1107 3142 aegea
1130 3073 1179 3130 &62

149 3148 197 3196 cus
221 3142 351 3208 (attentatu
374 3144 425 3202 unt
449 3140 515 3206 dtr]
531 3169 565 3180 -
586 3139 647 3194 482
682 3143 746 3208 mer]
765 3170 801 3182 —-
817 3140 878 3198 ece
895 3143 963 3202 hunc
975 3144 1111 3208 invenem,
1129 3142 1180 3200 tt
1203 3179 1204 3184 η

148 3209 306 3274 Fluviorum,
324 3210 446 3278 aedilitia
465 3209 569 3276 (glutiri.
583 3209 645 3262 Flu-
681 3211 855 3279 eutramnus]
878 3240 912 3250 -
935 3209 994 3266 502
1016 3212 1179 3272 lacuredou·
1201 3203 1204 3280 l

148 3280 274 3356 riorum),
298 3281 314 3343 l.
338 3279 369 3333 A
389 3277 417 3342 l,
440 3275 472 3345 2]
492 3305 526 3316 ·-
549 3277 645 3343 fluuio-
680 3287 749 3340 leae,
772 3279 838 3344 Μ,
856 3279 882 3344 5,
900 3277 963 3348 811]
982 3309 1016 3320 -
1203 3289 1204 3352 i
