2412 3630
274 195 778 258 fflfflfflllll.v.ffl-Bfl.
851 240 858 266 ,

100 332 160 394 Neo
181 332 280 396 minus
301 335 408 398 interea
431 337 568 400 modernis
590 352 697 402 saevus
719 339 750 400 ia
768 339 860 402 annis
935 313 938 332 ⁶

17 413 125 480 'leneas
146 421 223 480 acuit
246 419 367 482 Martem
390 430 418 482 et
439 437 472 484 se
494 423 616 484 suscitat
638 423 695 496 ira,

22 505 119 565 0blato
141 505 272 583 gaudens
295 506 431 587 componi
454 507 572 570 loedere
593 507 714 570 bellum.

22 592 88 650 Tum
111 591 209 652 socios
231 594 394 672 maestique
417 603 526 660 nidum
549 593 662 656 solatur
684 594 752 670 loli,
824 609 826 614 '

22 677 82 735 Fata
105 675 230 748 docens,
259 679 380 759 regique
403 677 482 740 iubet
503 699 646 762 responsa
670 680 769 742 Latino

23 762 100 822 Certa
121 762 229 824 reterre
251 764 330 824 viros
352 772 380 824 et
404 764 483 844 pacis
505 765 601 826 dicere
624 766 715 845 leges,

102 847 221 909 Postera
245 848 292 908 vix
314 868 449 911 summos
471 849 627 931 spargebat
650 851 759 912 lumine
782 859 895 914 montes

23 933 85 993 Orta
109 933 187 1003 dies,
216 953 283 994 curn
306 934 433 1016 primum
456 934 513 996 alto
535 955 569 997 se
591 937 708 1016 gurgite
730 937 835 997 tollunt

23 1018 96 1079 Solis
118 1019 202 1099 equi,
232 1018 388 1101 lucemque
410 1020 492 1098 elatis
514 1021 633 1084 naribus
656 1022 767 1082 efflant.

23 1104 160 1186 Campum
185 1103 221 1164 ad
243 1116 387 1166 certamen
396 1125 535 1204 ⁸magnae
556 1107 613 1168 sub
635 1107 790 1168 moenibus
813 1107 955 1169 urbis

23 1191 146 1252 Dimensi
169 1189 326 1273 Rutulique
349 1192 402 1252 viri
425 1192 586 1272 Teucrique
609 1181 763 1272 parabant,

24 1276 50 1336 ln
72 1275 228 1358 medioque
250 1277 333 1338 locos
356 1286 384 1336 et
405 1276 451 1338 dis
473 1277 680 1340 communibus
702 1297 768 1340 aras

25 1361 200 1424 Gramineus
244 1362 298 1422 Alii
321 1363 517 1444 fontemque
508 1383 666 1444 ignemque
687 1363 830 1436 ferebant,

25 1447 108 1508 llelali
131 1448 202 1508 limo
224 1457 253 1508 et
274 1447 398 1510 verbena
420 1459 550 1529 temporo
573 1449 671 1508 vincti.

26 1532 155 1595 Procedit
177 1527 257 1611 legio
274 1533 471 1606 Ausonidum,
500 1534 645 1616 pilataque
667 1533 761 1615 plenis

28 1619 143 1700 Agmina
166 1639 199 1681 se
222 1618 345 1680 fundunt
367 1620 466 1700 portis.
511 1621 585 1680 Hine
606 1621 711 1681 Troius
733 1618 827 1680 omnis

28 1706 249 1787 Tyrrhenusque
271 1707 327 1766 ruit
347 1705 435 1767 variis
457 1707 601 1766 exereitus
623 1706 726 1777 armis,

28 1791 107 1852 Haud
131 1810 220 1852 secus
242 1791 375 1852 instructi
398 1791 490 1867 lerro,
519 1812 607 1874 qnam
630 1792 654 1853 si
677 1809 780 1871 aspera
803 1787 902 1868 Martis

28 1876 126 1958 Pugna
148 1885 241 1938 vocet.
287 1876 427 1938 Necnon
450 1877 605 1944 mediisin
628 1877 757 1938 millibus
780 1874 838 1957 ipsi

29 1962 166 2043 Ductores
188 1983 261 2022 auro
284 1963 404 2024 volitant
425 1973 563 2044 ostroque
585 1963 719 2044 superbi,

30 2051 59 2110 bt
79 2069 175 2130 genus
197 2049 331 2112 Assaraci
355 2047 524 2111 Mnestheus
546 2057 575 2108 et
597 2049 679 2110 sortis
701 2046 812 2119 Asilas,

30 2136 60 2195 Et
80 2137 235 2218 Messapus
257 2155 365 2216 equum
390 2134 529 2207 domitor,
560 2133 702 2214 Neptunia
725 2131 831 2212 proles

30 2223 119 2306 thue
142 2221 256 2282 dato'
232 2241 317 2300 signo
339 2221 431 2302 spatia
455 2221 482 2282 in
506 2239 563 2281 sua
584 2219 711 2306 quisque
732 2214 868 2289 recessit,

30 2308 106 2390 llefig
109 2317 161 2369 unt
182 2306 285 2368 tellure
308 2306 409 2368 hastas
427 2315 456 2366 et
476 2315 559 2367 souta
582 2299 729 2366 reclinent

30 2357 105 2454 Tum0
121 2393 219 2454 studio
242 2391 353 2454 ellusae
376 2401 482 2454 matres
504 2399 538 2452 et
554 2389 692 2466 vulgus
683 2404 867 2448 inermum

31 2479 205 2562 invalidique
227 2498 313 2540 senes
335 2488 430 2539 turres
452 2486 480 2537 et
502 2486 573 2537 tecte
597 2475 750 2535 domorum

32 2567 192 2637 Obsedere,
222 2565 270 2624 alii
294 2564 385 2646 portis
407 2562 583 2624 sublimibus
605 2569 707 2624 astant

113 2657 148 2715 Ar
172 2653 243 2711 luno
266 2670 282 2710 e
305 2669 437 2719 summo,
467 2649 517 2730 qui
540 2668 621 2708 mma
640 2647 768 2707 Albanus
790 2641 954 2703 babetur-

32 2739 99 2799 Tum
115 2758 218 2820 neque
241 2755 342 2796 nomen
366 2744 428 2795 erat
449 2755 504 2794 nec
527 2733 620 2793 bonos
643 2741 693 2792 aut
714 2729 806 2808 gloria
830 2726 963 2788 monti-

33 2824 217 2907 Prospiciens
241 2821 353 2882 tunrulo
375 2840 509 2916 campum
532 2819 699 2899 aspectabat
720 2825 747 2876 et
769 2815 870 2898 ambas

33 2909 203 2971 Laurentum
225 2909 390 2987 Troumque
414 2907 492 2965 acies
515 2905 674 2986 urbemque
696 2901 796 2962 Latini.

34 2993 179 3078 Extemplo
201 2995 288 3054 Turni
312 2993 355 3054 sic
376 3001 420 3054 est
441 2989 525 3050 allata
548 3010 695 3062 sororem,

36 3180 94 3248 282]
105 3211 138 3221 —
151 3177 211 3235 138.
223 3177 311 3234 'Turni
322 3135 502 3240 sororemdb,
514 3174 533 3230 l.
545 3167 698 3241 latornum]
710 3199 745 3212 -

1011 2731 1070 2780 13⁶
1155 2677 1165 2752 l
