2412 3630
6 505 13 524 Ι
122 440 212 501 Multa
235 451 341 516 manue
371 461 425 504 nec
448 462 504 502 non
526 459 689 519 aurumque
711 441 885 521 animusque

120 215 205 288 rna,
374 295 380 308 ι
419 215 504 272 rau.
522 214 715 308 amanam.
734 211 892 268 naa-ra
940 167 947 177 ⁴
994 221 1000 230 ’

122 355 196 418 Sunt
218 353 269 414 tibi
293 375 382 436 regna
405 355 495 438 patris
517 354 624 424 Dauni,
651 327 718 415 sunt
740 353 843 436 oppida
865 363 950 502 captae

121 525 195 588 Sunt
218 526 293 587 aliae
316 527 452 608 innuptae
475 527 553 585 Latio
576 535 604 584 et
625 524 818 586 Laurentibus
840 526 943 605 agriS‚·
1057 596 1059 604 y

123 611 183 672 Nec
206 631 300 690 genus
322 612 483 672 indecores.
527 609 596 671 Sine
610 629 665 685 ¹nro
687 609 760 670 haec
782 610 860 671 haud
883 611 982 673 mollia
1007 609 1068 674 satu
1139 625 1178 674 aa

123 695 253 758 Sublatis
275 697 387 777 aperire
409 695 500 768 doiisr
531 694 619 756 simui
643 694 701 755 hoc
723 697 820 766 animo
842 695 941 757 hauri:

124 781 170 842 Me
192 790 286 842 natam
300 779 380 840 ¹nui'ii
403 789 534 841 veterum
558 781 673 850 sociare
695 801 854 860 procorum
1082 851 1085 860 ‚

125 869 179 936 Fas
201 876 275 934 erat,
305 865 392 946 idque
415 885 518 934 ornnes
540 865 659 948 divique
681 866 872 948 hominesque
895 867 1049 931 canebant.

123 953 223 1012 Victus
245 970 345 1011 amore
366 951 425 1025 tui,
456 961 588 1030 cognato
605 953 863 1030 sanguine·victus

90 1113 95 1120 .
125 1037 265 1110 Coniugis
284 1033 315 1094 'et
336 1045 463 1112 maestae
486 1037 632 1106 lacrimis,
660 1037 755 1098 vincia
778 1039 875 1098 omnia
896 1039 978 1121 rupi:

74 1117 80 1138 ‘
124 1121 301 1184 Promissam
323 1121 416 1202 eripui
439 1142 563 1200 generor
592 1139 671 1184 arma
693 1123 781 1204 impia
804 1125 927 1202 sumpsi.

124 1209 164 1269 Ex
189 1207 238 1268 iiio
261 1207 311 1288 qui
334 1227 381 1268 me
404 1227 510 1279 casus,
540 1199 632 1289 quae}
662 1208 772 1280 Turne,
803 1217 962 1290 sequantur

105 1293 219 1364 ·Bella,
249 1292 347 1360 vides,
377 1303 502 1374 quantos
524 1295 637 1374 primus
659 1295 768 1373 patiare
791 1293 914 1359 iabores.

125 1379 174 1440 Bis
196 1399 302 1458 magna
324 1379 390 1439 victi
414 1399 511 1460 pugna
535 1381 582 1440 vix
605 1379 678 1440 urbe
699 1388 814 1440 tuemur

125 1465 200 1546 Spes
223 1465 324 1538 italasr
354 1465 480 1526 recalent
501 1475 601 1526 nostro
623 1463 754 1525 Tiberina
777 1463 898 1526 fluenta‘
966 1519 975 1531 ,

125 1550 272 1629 Sanguine
294 1549 404 1620 adhuc,
436 1551 591 1632 campique
613 1551 747 1629 ingentes
768 1550 888 1612 ossibus
911 1549 1033 1612 albent*

126 1635 192 1708 Quo
215 1635 325 1696 referor
345 1633 470 1697 totiens?
500 1655 575 1716 quae
596 1637 855 1696 monteminsania
879 1633 993 1698 mutat?
1059 1635 1062 1640 ’

85 1761 88 1766 ·
112 1721 156 1808 ⁸Si
179 1721 276 1780 Turno
298 1721 439 1782 exstincto
461 1723 562 1782 socios
584 1739 650 1782 sum
673 1721 783 1781 asscire
805 1730 939 1802 paratus,
1022 1751 1026 1757 ‚

110 1807 187 1867 'Cur
209 1827 267 1866 non
290 1805 430 1865 incolumi
452 1807 552 1886 potius
574 1807 728 1866 certamina
751 1805 845 1866 tolio?
1058 1805 1062 1818 “

127 1891 205 1963 Ouid
228 1891 435 1969 consanguinei
459 1890 674 1973 Rurnti‚·qutd
696 1900 791 1952 cetera
815 1892 892 1952 dicet
995 1915 1000 1928 ¹

127 1978 222 2052 ltalia,
252 1976 287 2037 ad
312 1985 434 2036 mortem
457 1976 482 2038 si
505 1985 533 2036 te
549 2009 569 2024 ·-
593 1977 665 2038 Fors
687 1975 763 2038 dicta
787 1979 892 2038 refutet
915 2010 934 2024 -

128 2061 322 2133 Prodiderirn,
352 2070 448 2122 natam
472 2070 500 2124 et
522 2062 666 2122 connubia
689 2072 787 2124 nostra
811 2059 975 2144 petentem?
1004 2073 1010 2090 ‘

128 2147 250 2228 Respice
273 2167 320 2210 res
344 2147 421 2208 betto
442 2149 553 2220 varinae
583 2149 721 2218 miserere
743 2150 871 2230 parentis

128 2233 287 2309 Longaevi‚
318 2253 406 2314 quem
427 2253 506 2294 nunc
528 2243 671 2295 maestum
694 2235 785 2315 patria
808 2233 901 2294 Ardea
924 2232 1012 2314 longo
1080 2225 1088 2246 '

75 2385 77 2390 ,
126 2315 241 2380 ouidii.
288 2319 521 2400 Haudquaquam
544 2319 628 2382 dictis
651 2319 786 2402 violentia
809 2319 898 2380 Turni

128 2403 276 2477 Flectiturr
306 2413 461 2486 exsuperat
483 2406 576 2484 magis
599 2405 800 2486 aegrescitque
822 2403 975 2480 medendo.
1056 2481 1060 2488 ἱ

59 2503 87 2572 Ἰ
129 2489 164 2561 Ut
185 2489 309 2570 primum
333 2489 385 2550 tari
408 2491 516 2571 potuit,
546 2491 590 2551 sic
612 2491 713 2551 institit
734 2511 799 2551 ore:
1015 2545 1018 2550 .

128 2573 222 2644 Quam
239 2595 292 2654 pro
307 2594 354 2634 me
369 2596 470 2636 curam
485 2577 579 2653 geria,
602 2575 676 2636 hanc
691 2595 808 2658 precor,
831 2575 956 2654 optime,
973 2595 1027 2656 pro
1043 2592 1092 2636 me

128 2661 276 2743 Deponas,
306 2659 455 2741 letumque
477 2661 557 2722 sinas
579 2681 631 2742 pro
654 2661 739 2722 laude
761 2661 880 2742 pacisci.
1062 2677 1065 2684 ’

40 2811 47 2828 ‚
129 2745 163 2806 Et
184 2765 237 2806 nos
260 2745 330 2815 tela,
361 2757 456 2826 pater,
487 2747 654 2827 ferrumque
678 2747 753 2807 haud
776 2747 870 2807 debile
892 2743 989 2806 dextra
1138 2753 1172 2804 ot

128 2829 316 2912 spargimus,
346 2841 374 2892 ot
396 2817 494 2892 nosiro
517 2827 649 2915 sequitur
671 2831 707 2893 de
729 2833 849 2894 vuinere
871 2833 1003 2911 sanguis.

128 2916 226 2996 Longo
248 2916 288 2976 iiii
312 2912 477 2977 dearmater
499 2919 567 2986 erit,
581 2945 583 2950 ·
599 2937 672 2999 quae
694 2918 772 2978 nube
795 2918 927 2995 fugacem
999 2949 1001 2952 ·

128 3000 261 3063 Feminea
284 3011 374 3083 tegat,
404 3011 432 3062 et
454 3004 536 3064 vanis
558 3021 624 3064 sese
646 3005 761 3078 occulat
784 3003 902 3064 umbris.

522 3101 523 3104 ¹
792 3107 802 3138 Ι

102 3255 106 3260 ¹
128 3185 171 3241 59.
190 3151 274 3258 longe
297 3229 302 3240 .
322 3229 328 3240 .
351 3185 416 3250 crit,
443 3187 466 3238 o.
493 3183 509 3236 i.
535 3183 575 3251 tor
592 3183 713 3244 mutuno
731 3185 795 3240 rotro
814 3155 881 3251 orit
903 3187 958 3248 tren
980 3182 1073 3240 bieioen
1092 3187 1171 3246 (orno

948 440 1008 504 t'ro
1029 452 1090 518 est;
1200 461 1201 464 ¹
