2428 3634
114 190 156 262 rt
404 233 410 238 -
450 209 478 262 r.
501 208 637 266 vracuu
658 207 808 294 'alaonis

53 358 56 369 ’
114 366 157 432 Τιι
178 365 265 432 modo
288 369 421 430 macenti
443 382 545 450 puero,
569 387 626 448 quo
650 368 745 432 ferrea
768 372 889 450 primum

112 452 237 518 Desinet
258 471 294 514 ac
316 457 380 516 toto
403 465 504 532 aurgct
526 473 600 532 geue
622 473 709 516 aurea
732 455 847 532 mundo,

113 538 203 602 Casta
223 539 291 601 fave
308 539 434 602 bucina:
457 549 522 601 turra
546 543 602 601 iam
615 533 728 620 ,legunt
750 541 869 622 Apollo.
925 584 927 588 ψ

112 625 213 706 'leque
234 625 308 687 adeo
332 625 421 686 decus
443 625 500 688 hoc
522 629 597 702 aevi,
621 637 651 687 te
673 626 812 704 Consule,
834 628 926 706 ipibit,

112 712 270 789 Polliam
291 714 430 792 incipient
451 715 548 791 magni
571 713 733 792 procedere
755 712 889 790 mensem
912 713 916 724 ⁴
980 759 983 765 Δ
1032 787 1035 794 Ι

112 798 155 860 'lc
178 798 261 874 duce,
285 801 310 858 si
333 815 389 878 qua
411 808 527 859 manent
550 799 672 860 sceleris
694 803 820 879 vestigia
843 803 945 878 nostri,
988 825 994 840 ⁴

112 882 196 949 Irrita
219 894 359 966 perpetua
382 883 497 946 solvent
520 883 673 947 lormidiue
693 895 796 948 terras.
900 956 902 960 .

112 970 165 1032 llle
187 970 270 1031 deum
293 973 380 1031 vitam
403 973 530 1052 accipiet
552 973 684 1050 divisque
705 973 814 1034 videbit

16 1063 19 1070 '
45 1105 50 1122 ,
112 1055 273 1118 Permirtcs
295 1056 412 1134 licroaa,
436 1067 465 1118 et
487 1063 552 1140 ipse
573 1059 717 1119 videbitur
738 1057 806 1135 illis,
888 1105 892 1113 .

114 1142 309 1223 Pacatumquc
331 1153 415 1224 reget
436 1148 538 1224 patriis
561 1144 712 1205 virtutibus
735 1145 846 1208 orbem.

112 1229 152 1291 At
173 1229 225 1291 tibi
247 1233 348 1310 prima,
372 1249 453 1312 puer,
476 1230 554 1292 nullo
578 1231 745 1305 munuscula
759 1231 846 1291 ‘cultu
904 1305 907 1313 .
936 1227 964 1286 ,’

15 1323 18 1330 “
112 1315 399 1381 Errantes¹bedcras
421 1322 530 1398 passim
554 1333 618 1378 cum
640 1317 765 1378 baccare
787 1317 872 1382 tellus
896 1365 899 1370 .

112 1401 263 1482 Mixtaque.
281 1403 387 1478 ridenti
409 1395 556 1467 colocasia
579 1403 680 1466 lundet
700 1403 833 1465 acantho.

90 1489 199 1636 ,lnpsae
221 1490 296 1551 lacte
319 1490 432 1554 domum
455 1489 582 1552 reiercut
605 1484 729 1551 distenta
753 1489 884 1570 capellae

139 1575 219 1651 bera,
242 1595 297 1638 uec
319 1593 442 1656 magnos
465 1585 592 1638 metuent
614 1587 742 1639 armenta
763 1577 877 1638 leones.

112 1659 180 1741 Ipsa
202 1661 254 1723 tibi
276 1662 398 1723 blandus
421 1661 544 1746 iuudent
562 1663 703 1722 cunabula
725 1663 823 1727 bores.

114 1747 237 1810 Occidet
259 1757 288 1810 et
310 1767 442 1828 ceipene,
466 1759 495 1810 et
517 1749 606 1810 fallax
628 1748 717 1809 herba
739 1751 844 1828 veneni

114 1833 252 1908 Occidet3
274 1834 536 1917 Assyriumvvulgo
559 1844 696 1896 nascetur
717 1852 870 1899 amomum.
977 1869 978 1872 ¹

75 1915 82 1924 ’
112 1919 152 1980 At
173 1919 258 1980 simul
280 1919 399 1980 heroum
421 1919 521 1980 laudes
548 1929 575 1982 et
599 1920 675 1980 lacta
697 1920 835 2002 parentis'
902 1985 904 1989 ,

63 2005 67 2016 ’
112 2005 171 2067 lam
193 2007 295 2085 legere
317 2016 346 2084 et
368 2025 443 2085 quae
466 2010 504 2067 sit
525 2010 636 2088 poteris
661 2011 843 2086 cognoscere
865 2011 982 2086 virtus,

9 2145 15 2158 .
98 2089 194 2155 *blolli
215 2093 363 2174 paullatim
386 2093 525 2154 llavescet
548 2111 666 2174 campus
690 2097 788 2170 arista,
833 2143 843 2160 .

112 2177 289 2260 Incultiaque
311 2179 417 2243 rubena
439 2173 578 2260 pendebit
600 2179 729 2242 sentibus
752 2199 816 2257 uva,
861 2250 867 2260 Ι
907 2183 912 2201 ’

112 2266 151 2328 Et
173 2267 261 2330 durae
284 2283 408 2347 quercus
430 2263 573 2328 sudabunt
594 2267 710 2330 roscida
733 2266 828 2328 melle.
948 2275 950 2284 “

112 2351 208 2434 Pauca
231 2364 326 2414 tamen
349 2353 487 2415 suberunt
508 2355 625 2435 priscae
646 2355 771 2432 vestigia
794 2353 912 2430 fraudis,
977 2356 983 2370 ‘

114 2438 330 2513 Quaererem
352 2440 462 2501 Thetim
486 2440 604 2514 ratibus,
629 2458 704 2518 quae
727 2442 845 2518 cingere
867 2442 956 2500 muria

114 2524 239 2605 Oppida,
263 2525 340 2604 rinae
363 2525 596 2587 iubeant'telluri
619 2525 760 2586 infindere
783 2523 891 2587 sulcos.
958 2525 965 2548 ⁸

46 2638 51 2643 ·
111 2611 195 2672 Alter
217 2612 271 2671 erit
293 2620 351 2670 tum
373 2612 491 2693 Tiphys,
515 2621 544 2673 ct
566 2611 656 2672 altera
679 2630 754 2691 quae
775 2612 862 2674 vebat
882 2613 964 2691 Argo
1083 2607 1090 2620 '

112 2694 252 2758 Deiectus
274 2695 398 2772 heroas,
421 2707 504 2759 crunt
525 2701 621 2758 etiam*
635 2697 726 2758 altera
748 2697 835 2776 bella,

33 2846 35 2850 ,
112 2783 209 2866 Atque
231 2785 333 2843 iterum
356 2783 393 2842 ad
414 2783 529 2844 Troiam
552 2802 673 2862 magnus
696 2787 823 2848 mittetur
845 2783 987 2848 Achilles.
1122 2825 1133 2834 -

94 2869 198 2947 ‘ilinc
220 2867 269 2930 ubi
291 2871 347 2928 iarn
370 2869 482 2930 firmata
503 2869 595 2932 virum
617 2880 647 2941 te
669 2871 773 2934 iecerit
794 2881 885 2949 aetas,
1028 2869 1032 2881 '

29 2997 31 3002 l
111 3021 219 3072 Astraea
240 3021 356 3090 reliquit3
383 3021 433 3088 cpi.
456 3019 514 3086 oud)
537 3021 565 3074 G.
583 3019 609 3085 b,
643 3038 713 3087 rura,
741 3024 900 3092 praeclarum
928 3023 980 3075 boc
1010 3025 1148 3092 (aureum)

112 3087 174 3155 dil]
193 3117 227 3129 --
246 3087 276 3146 8.
299 3089 414 3144 nascenti
431 3103 526 3156 puero,
549 3091 573 3143 b.
590 3090 608 3144 i.
643 3092 746 3158 aevum]
768 3119 803 3152 -,·
824 3093 910 3156 inibit,
933 3093 1032 3159 obicint
1051 3115 1083 3141 =
1102 3096 1146 3147 in-

113 3157 607 3226 temueugetccuru&incomptum
643 3160 734 3226 cipiet]
761 3189 803 3216 -κ
822 3157 869 3220 21.
896 3163 970 3229 ipsae
993 3183 1024 3210 ==
1049 3172 1148 3232 sponte
1212 3199 1213 3212 r

20 3245 28 3258 ·
112 3253 147 3264 —
164 3221 208 3284 11.
232 3227 311 3279 decue
329 3227 381 3280 hoc
399 3226 456 3280 aevi
475 3247 506 3272 ε
526 3225 607 3278 deco·
643 3243 702 3291 cua,
730 3228 777 3282 mir
800 3229 857 3295 oud>
880 3229 915 3285 iar
936 3231 1009 3310 8012.
1031 3233 1078 3300 tii.
1097 3230 1146 3300 23)
