2428 3634
142 233 206 300 ΠΒ
405 249 528 304 GEORG.
551 250 651 306 leER
663 251 706 306 tv.
724 269 750 306 v.
762 251 918 308 sss-⁴77,

58 447 61 454 ·
143 409 204 472 Sed
224 419 256 471 tu
270 409 382 490 desine
402 409 489 472 velle.
533 411 626 474 Deum
648 421 807 492 praecepta
831 416 924 474 secati

139 497 290 573 Venimus,
313 497 382 568 binc
403 497 496 578 lapsis
519 501 681 577 quaesitum
704 499 823 560 oracula
844 499 942 561 rebus.

139 583 261 646 Tantum
284 583 397 644 effatus.
441 584 489 645 Ad
509 584 584 644 haec
605 594 688 646 vates
710 587 740 646 vi
763 585 889 664 denique
910 586 999 651 muita

139 670 286 732 Ardentes
309 670 411 732 oculos
435 667 551 732 intorsit
573 670 681 732 lumine
703 671 819 749 glauco,
869 693 874 700 ·
1058 669 1061 674 ’

137 755 178 818 Et
199 759 328 834 graviter
349 757 485 816 frendens
508 759 552 818 sic
575 757 643 820 fetis
666 776 718 818 cra
740 757 877 820 resolvit:

137 841 205 904 Ncn
226 852 258 904 te
279 843 384 918 nullius
406 853 545 906 exercent
566 846 691 906 numinis
713 847 790 918 irae3
1026 889 1031 894 -

138 927 245 1007 biegna
266 929 322 990 luis
345 931 515 990 commissa:
543 930 596 990 tibi
619 931 680 990 has·
695 930 873 992 miserabilis
893 931 1042 1018 opscus,

128 1013 366 1095 'Haudquaquam
389 1015 427 1076 ob
449 1013 726 1096 meritumpeenas,
749 1016 861 1078 nitate
883 1022 1033 1098 resistant,

138 1102 276 1179 suscitat,
289 1111 328 1174 ,et
349 1111 433 1182 rapta
455 1106 583 1181 graviter
604 1121 658 1182 pro
682 1106 809 1182 coniuge
831 1108 943 1177 saevit„

136 1185 189 1248 Ille
212 1188 337 1268 quidem,
361 1188 427 1250 duur
449 1199 479 1250 te
501 1189 617 1267 ingeret
638 1189 830 1270 perflamine
851 1209 1006 1272 praeceps,

59 1321 62 1328 .
136 1273 291 1336 Immunem
315 1284 382 1336 ante
404 1275 495 1355 pedes
518 1276 640 1352 hydrum
662 1279 802 1338 moriture
824 1277 953 1356 puella-1

136 1361 307 1423 Serrantenr
329 1364 409 1442 ripas
433 1361 491 1422 alta
512 1381 570 1423 non
593 1363 665 1424 vidit
687 1366 723 1440 in
738 1363 843 1438 herba„

134 1447 176 1508 At
197 1447 303 1527 chorus
326 1447 458 1527 aequalis
479 1448 625 1526 Dryadum
648 1449 777 1510 elamore
792 1469 948 1530 supremos

134 1532 293 1614 lmpderunt
314 1544 445 1610 moutes3
468 1534 786 1616 derunt'Rbodcpe'r'ae
808 1555 894 1600 arces

134 1619 261 1700 Altaque
283 1621 418 1700 Pangaea
441 1630 471 1682 et
492 1621 584 1684 Rhesi
604 1620 748 1684 Mavortia
771 1622 867 1698 tellus,

134 1707 232 1787 Atque
255 1705 344 1770 Getae
367 1718 455 1787 atque
477 1707 591 1770 Hebrus
614 1718 644 1770 et
665 1709 931 1787 Actias.0ritbyia.
1047 1727 1052 1734 ·

133 1791 212 1874 lpse,
236 1811 308 1854 cava
330 1794 431 1855 solens
453 1811 573 1872 aegrum
596 1795 742 1857 testudine
764 1795 902 1872 amorem,
1009 1851 1019 1868 ,

65 1931 69 1938 .
133 1878 184 1955 Te,
208 1879 301 1940 duleis
324 1883 493 1959 coniuncte
515 1879 580 1940 solo
603 1883 632 1940 in
655 1881 741 1942 litore
764 1897 873 1958 secum,
982 1901 986 1908 “

53 2011 55 2018 .
133 1964 175 2026 Tc
196 1967 411 2044 venientedie,
435 1975 464 2026 te
487 1965 648 2034 decedente
671 1967 806 2030 canebat.
828 1999 831 2004 ·
860 1999 863 2006 ·

13 2121 22 2134 J
133 2051 290 2114 Taenarias
314 2055 400 2114 etiam
418 2052 533 2130 'fauces
558 2053 616 2114 alta
637 2057 713 2122 ostia
737 2055 825 2132 Ditis,
880 2081 885 2095 ·

131 2137 171 2200 Et
190 2140 368 2219 'caligantem
390 2143 474 2218 nigra
496 2140 650 2202 formidine
672 2141 768 2202 lucum

132 2224 298 2304 Ingressus,
321 2227 482 2306 Manesque
505 2227 575 2288 adiit
597 2241 757 2307 regemque
779 2227 968 2310 tremendum,

132 2309 299 2394 Neseiaque
320 2313 611 2393 bumanispreeibus
638 2331 845 2390 mansuescere
868 2315 967 2378 corde.
1118 2329 1168 2383 470

132 2398 173 2460 At
195 2410 281 2482 captu
303 2410 466 2474 commctee
487 2399 576 2464 Erebi
599 2399 636 2460 de
658 2400 776 2462 sedibus
799 2403 864 2462 imis

120 2483 259 2566 ¹Umbrae
281 2485 362 2548 ibant
383 2497 486 2550 tenues
509 2487 721 2567 simuiqcraque
736 2487 809 2550 ¹luce
832 2497 989 2566 carentum,

72 2565 75 2572 “
133 2569 226 2645 Quam
249 2572 337 2633 multa
358 2575 388 2634 in
410 2573 489 2636 foliis
513 2575 606 2634 avium
630 2592 663 2636 se
685 2571 773 2636 millia
796 2574 933 2652 condunt,
1034 2583 1036 2591 “

132 2655 249 2739 Vesper
270 2657 319 2720 ubi
342 2669 391 2720 aut
413 2660 553 2722 hibernus
573 2663 636 2738 agit
659 2661 863 2724 dementibus
885 2661 988 2738 imber,
1198 2661 1200 2692 ‘

132 2742 242 2807 Matres
265 2753 352 2824 atque
373 2748 438 2823 viri,
462 2746 655 2826 debrnctaqne
678 2765 803 2827 corpore
825 2751 913 2815 vita‘,
1097 2761 1165 2832 *tte

93 2867 95 2872 .
132 2831 346 2910 Magnanimum
367 2831 497 2910 heroum,
521 2835 604 2913 pueri
626 2825 822 2914 innuptaeque
844 2833 974 2916 puellae,

131 2917 321 2998 impositique
343 2920 424 2997 rogis
447 2919 567 2980 invenes
591 2929 657 2982 aute
676 2939 732 2992 ,cra
754 2919 920 3002 parentum

13 3037 17 3056 '
89 3133 93 3144 1
131 3067 246 3122 ...uus
268 3070 349 3134 verre,
372 3071 450 3125 nemu
467 3085 508 3120 me
529 3055 629 3138 rariore]
665 3040 728 3139 see]
747 3101 787 3130 ,-
803 3073 856 3126 seu
871 3074 900 3140 q.
924 3072 1056 3127 necessse:
1082 3074 1161 3126 nauu-

131 3165 165 3178 --
187 3136 247 3190 452.
270 3139 342 3202 satis,
372 3141 449 3200 datie.
474 3160 504 3184 =
524 3140 556 3190 ad
579 3139 649 3194 iata·
666 3159 792 3210 quaquam
811 3142 846 3196 cb
863 3143 981 3194 meritum
997 3143 1160 3209 miserabilis]

104 3205 403 3342 edtbbufib.
420 3207 631 3353 debebit
664 3207 1162 3348 ndbeffibitffdidn

633 3525 780 3602 Q
816 3567 819 3570 .
