2428 3634
144 265 188 330 20
280 355 284 364 1
483 281 509 333 Ρ.
535 279 669 334 lllllllllll
696 278 841 334 alaudis

145 442 236 518 Vane,-
256 435 329 503 tuas'
345 442 461 522 cupiant
484 451 513 501 et
534 441 627 502 tristia
651 439 778 502 dondcre
800 437 877 500 lrrlla
900 471 919 484 ·

144 529 302 608 agrestem
324 530 403 589 tenui
426 527 587 588 meditabor
609 527 748 588 arundine
771 526 914 588 llusam.‘

144 615 210 678 Non
233 617 342 678 iniussa
365 631 450 676 cauo.
488 615 519 674 Si
543 616 609 692 quis
632 624 727 674 tamen
750 612 824 674 lraeo
846 629 974 691 quoque,
999 614 1024 672 si
1048 613 1111 691 quis

147 701 258 782 Captus
280 719 379 761 amore
399 699 494 779 leget:
517 708 547 760 te
571 699 699 775 nostrae,
722 699 810 775 Vara,
834 701 973 776 myricae,
1144 707 1170 762 to

146 787 311 848 Tenemus
334 804 419 847 omne
442 795 542 860 cauet3
566 803 621 846 neo
644 785 763 846 Phoebo
786 787 898 864 gratior
919 784 978 844 ulla
1001 795 1055 862 est,

148 873 241 950 Quam
264 873 320 934 sibi
342 891 417 952 quae
438 872 509 932 llari
531 873 722 952 praescripsit
743 874 852 952 pagina
875 888 990 932 nomen.

211 960 338 1037 Pergite,
360 957 502 1020 Pierides.
540 957 673 1020 chromis
697 967 725 1018 et
748 957 898 1035 lllnasylos
922 959 949 1018 in
973 965 1058 1020 antro

115 1105 118 1114 ,
148 1045 276 1111 Silenum
299 1047 381 1125 pueri
404 1061 507 1106 somno
530 1044 630 1106 videre
652 1047 806 1120 iacentem,
1149 1117 1154 1126 .

147 1121 277 1195 lullatum
299 1130 438 1194 hesterno
460 1149 560 1208 venas,
583 1140 615 1192 ut
636 1149 762 1210 semper,
786 1130 910 1204 lacolro;
1143 1141 1169 1193 rt

148 1217 234 1298 Serta
255 1217 367 1298 procul,
390 1227 498 1280 tantum
522 1220 609 1297 capiti
632 1215 761 1297 delapsa,
785 1217 929 1292 iacebant,

148 1304 186 1366 llt
208 1307 306 1384 gravis
328 1306 425 1366 attrita
446 1302 596 1384 pendebat
614 1299 769 1364 cantharus
791 1322 872 1365 ansa.

148 1391 294 1470 aggressi
316 1424 336 1436 -
359 1409 425 1452 naar
448 1407 539 1470 saepe
561 1408 653 1450 senex
674 1408 730 1469 spe
752 1392 888 1452 carminis
910 1388 995 1451 ambo

133 1478 272 1556 ¹lauserat
293 1510 313 1522 -
336 1479 475 1538 inliciunt·
489 1479 562 1557 ipsis
586 1495 623 1537 cn
643 1475 759 1536 vincula
781 1478 895 1537 sertis..
1199 1537 1200 1540 ,

149 1563 239 1625 Addit
261 1575 294 1624 se
317 1565 428 1624 sociam
450 1563 616 1642 timidisque
639 1565 808 1642 supervenit
829 1561 935 1640 Aegle,
1142 1571 1169 1625 ‘ll
1199 1619 1200 1636 ,

150 1649 254 1729 Aegle,
277 1649 418 1710 Naiadum
440 1647 650 1728 pulcherrima;
673 1651 788 1727 iamque
810 1649 918 1709 videnti
951 1645 953 1653 ’

150 1737 326 1814 Sanguincis
349 1734 474 1796 frontem
497 1737 586 1796 inoris
609 1745 639 1795 et
660 1745 791 1816 tempora
812 1737 916 1815 pingit.

150 1821 203 1882 llle
225 1821 322 1882 dolum
344 1821 459 1882 ridens:
484 1819 549 1895 Quo
571 1821 686 1882 vincula
709 1820 848 1883 nectitis?
870 1822 971 1900 inquit.

62 1939 66 1944 ·
151 1907 264 1968 Solvite
286 1925 343 1983 me,
366 1908 459 1987 pueri,
483 1909 555 1968 satis
579 1917 624 1968 est
645 1909 778 1988 potuisse
800 1907 902 1970 videri.

150 1992 296 2071 Carmina,
320 2011 395 2072 quae
416 1992 513 2070 vultis,
537 1996 726 2071 cognoscite3
750 1997 876 2054 carmina
899 1992 994 2070 vobis,
1094 2010 1100 2020 ·
1140 2003 1168 2057 25

149 2079 224 2142 Huic
246 2079 324 2142 aliud
345 2078 489 2140 mercedis
512 2082 577 2142 erit.
616 2079 706 2140 Simul
719 2081 832 2161 'incipit
853 2081 928 2160 ipse.

21 2240 26 2248 ,
148 2166 220 2230 Tum
242 2183 313 2230 vero
335 2167 365 2228 in
387 2184 536 2228 numeram
557 2167 733 2246 Faunosque
754 2166 890 2246 ferasque
912 2165 1030 2228 videres

149 2253 272 2334 ludera,
295 2263 354 2333 turn
376 2253 487 2332 rigidas
509 2263 621 2314 motare
644 2255 793 2313 cacumina
816 2271 956 2332 quercus3
1020 2277 1027 2298 ι

150 2339 214 2400 Neo
235 2350 344 2402 tantam
366 2339 485 2402 Phoebo
508 2339 616 2418 gaudet
637 2338 775 2402 Parnasia
797 2357 897 2420 rupes,

150 2425 213 2486 Nec
235 2436 343 2488 tantum
366 2426 510 2508 Rhodope
532 2428 671 2486 mirantur
693 2435 723 2486 et
744 2424 870 2488 lemarus
894 2424 1023 2506 Orphea.
1142 2433 1170 2487 tit

150 2511 282 2590 Namque
304 2512 437 2590 canebat,
460 2514 501 2574 uti
523 2529 657 2591 magnum
679 2513 841 2594 perinane
864 2517 966 2572 coacta

150 2597 269 2658 Semina
290 2605 490 2678 terrarumque
512 2601 684 2677 animaeque
698 2599 851 2678 ¹urapisque
873 2598 996 2659 luissent

149 2682 189 2744 Et
209 2682 311 2762 liquidi
333 2683 418 2743 simul
440 2687 528 2764 ignis,
551 2684 649 2745 uthis
672 2682 791 2746 exordia
813 2686 915 2765 primis

150 2769 254 2831 Omnia
277 2777 306 2829 et
327 2770 393 2848 ipre
414 2779 499 2832 tener
520 2771 616 2831 mundi
639 2773 822 2832 concreverit
844 2769 939 2854 orbis3

74 2870 77 2876 ’
118 2855 220 2938 'Tum
244 2855 347 2917 durare
370 2853 464 2916 solum
487 2866 517 2918 et
538 2855 702 2918 discludere
724 2857 820 2917 Nerea
842 2866 933 2937 ponto
1041 2873 1045 2879 ·
1142 2865 1171 2919 tt

152 2942 300 3023 Coeperit,
324 2949 353 3002 ct
374 2957 470 3002 rerum
491 2939 641 3024 paullatim
663 2961 778 3004 sumere
800 2942 925 3018 formas3

149 3095 167 3157 l.
193 3094 224 3146 Α.
250 3092 281 3160 lp
307 3090 376 3161 567]
403 3121 437 3132 -
464 3089 495 3152 ll.
525 3108 578 3145 uon
605 3095 653 3146 in·‘
683 3095 816 3163 tangtatt]
844 3123 879 3134 -
906 3092 955 3156 21.
982 3095 1095 3158 videnti,
1120 3094 1142 3146 b.
1157 3091 1172 3144 ι’.

149 3164 234 3226 iussa,
253 3163 332 3218 admi.
350 3163 377 3217 to
394 3163 486 3282 ΜΚ
501 3163 548 3226 auf
563 3163 598 3216 at.
615 3163 646 3217 ta
682 3165 736 3218 taor
769 3163 948 3240 deceptant
963 3193 999 3206 -
1026 3161 1079 3226 26.
1110 3163 1171 3222 hain
1196 3203 1197 3214 2

147 3231 280 3284 admonuit
302 3229 426 3298 Cynthius
449 3231 463 3296 (
487 3229 585 3298 pollo)]
609 3257 644 3270 -
676 3232 760 3286 *admit
777 3235 820 3288 ott
836 3235 924 3302 Itala]
943 3265 977 3274 -—
996 3231 1048 3294 80.
1070 3230 1172 3300 Orphea,

147 3297 198 3360 10,
217 3315 313 3365 amora,
333 3301 411 3356 niort
429 3313 459 3366 aa
476 3297 552 3365 tiator
569 3297 642 3362 atim:
678 3299 822 3366 amcidtbip]
841 3331 876 3341 -
1049 3297 1052 3305 “

604 3527 757 3602 Α
826 3475 836 3482 .
