2434 3634
43 301 48 308 ,
117 238 183 311 100
367 269 378 286 -·
404 191 934 304 altumaltum-sut..
1000 277 1003 286 ,

116 331 257 466 Respice,
289 381 341 445 em?
356 400 481 464 ragnum
504 384 604 446 ltaliae
623 385 811 469 Romanaque
832 351 918 452 tellus
948 375 952 386 ’
1025 357 1031 363 ¹

115 458 274 540 Dehe'ntur.
318 469 379 530 'lali
402 469 553 548 Cyllenius
575 489 626 532 ore
649 471 766 536 locutus

91 579 96 593 ‘
114 555 254 618 Mortales
276 554 361 618 maus
382 554 480 616 medie
501 573 636 618 sermone
658 557 790 641 reliquit,

113 641 149 703 Et
170 639 273 725 procul
295 641 324 700 in
348 649 465 701 tenuem
487 659 523 700 ex
545 641 641 704 oculis
663 645 781 704 evanuit
802 659 914 705 euram.
990 691 1015 715 ,-

199 727 235 789 ht
256 745 326 787 vero
348 719 460 787 Aeneas
482 736 603 807 aspectu
626 715 772 789 obmutrlit
793 747 910 802 amens,

112 815 308 894 Arrectaeque
330 809 450 872 horrore
472 831 588 888 comae,
615 823 644 874 et
665 833 722 874 vox
743 814 878 877 saucibus
900 814 1002 879 haesit.

8 929 25 960 κ,
66 969 69 974 Ι
106 899 201 984 ΙΑςόεῑ
222 895 303 958 abire
325 896 395 978 luga
417 896 579 979 dulcesque
600 899 765 981 relinquere
786 909 895 976 terras,

112 983 259 1046 Attonitus
272 990 360 1043 tauto
382 983 492 1042 monitu
516 984 698 1066 imperioque
719 984 851 1059 deorum.

27 1081 29 1086 ’
69 1139 72 1150 ἱ
112 1071 178 1144 lleu
201 1066 272 1150 quid
295 1064 384 1147 agat?
413 1067 479 1138 Qun
501 1089 580 1130 nunc
602 1071 733 1148 reginam
755 1071 866 1132 ambire
888 1070 1055 1134 iurantem-

29 1221 37 1231 ,
112 1153 226 1222 Audeat
247 1151 358 1214 allatu?
400 1151 483 1224 Quae
506 1155 597 1234 prima
620 1156 739 1216 exordia
761 1153 879 1218 sumat?

111 1241 206 1323 Atque
227 1239 358 1299 animum
380 1257 460 1299 nune
482 1237 542 1299 huc
563 1239 688 1301 celerem
710 1261 788 1302 nunc
810 1238 910 1303 dividit
932 1241 1017 1322 illue,

111 1325 145 1386 ln
166 1332 323 1408 partesque
345 1323 420 1406 rapit
436 1325 554 1400 varias,
582 1345 694 1408 perque
715 1328 812 1388 omnia
834 1336 941 1390 versat
987 1341 993 1360 ¹

110 1412 192 1473 llaec
214 1410 365 1492 alternanti
388 1411 483 1492 potior
505 1411 644 1473 sententia
668 1399 732 1474 visa
755 1421 812 1474 est:

12 1559 18 1570 ,
111 1495 262 1560 Mnesthea
284 1495 514 1579 Sergestumque
534 1505 620 1557 vocat
641 1497 805 1580 fortemque
826 1497 991 1560 Serestum:

60 1615 64 1628 ›
113 1582 246 1645 Classem
268 1589 366 1663 aptent
387 1584 479 1654 taciti,
509 1583 667 1662 sociosque
689 1583 725 1643 ad
749 1583 830 1644 litore
853 1593 976 1666 cogant,

111 1668 199 1730 Arma
222 1675 339 1748 parent,
370 1675 412 1740 et,
442 1685 518 1748 quae
540 1667 578 1728 sit
599 1667 688 1728 rebus
711 1687 804 1730 eausa
826 1669 984 1747 novandis,

111 1751 317 1828 Dissimulent3
348 1769 414 1812 sese
436 1753 560 1825 interea,
590 1751 708 1832 quand‘o
730 1755 838 1835 optima
862 1754 936 1817 utto

49 1899 52 1909 ,
111 1837 244 1912 Nesciat,
274 1846 302 1897 et
324 1843 417 1897 tentes
439 1837 534 1916 rumpi
557 1849 616 1898 non'
639 1847 736 1920 speret
757 1859 888 1912 amores,

112 1925 299 1990 lentaturum
322 1919 433 1992 aditus,
464 1931 492 1982 et
515 1941 590 2004 quae
612 1923 784 1986 mollissime
808 1924 886 1986 laudi

112 2009 267 2092 Tempora,
298 2007 365 2089 quis
388 2007 477 2069 rebus
499 2007 598 2068 dexter
620 1995 736 2071 mochis.
781 2010 873 2073 Ocius
884 2013 996 2073 'omnes
1017 2077 1021 2086 ,

111 2095 236 2180 Imperio
258 2093 324 2154 laeti
346 2102 447 2173 parent
469 2113 503 2154 ac
525 2094 606 2155 iussa
630 2094 786 2158 lacessunt
1100 2105 1165 2160 295
1208 2109 1209 2112 ’

28 2237 36 2242 .
140 2195 146 2206 ·
196 2181 232 2242 ht
252 2179 353 2260 regina
375 2177 459 2241 dolos
481 2213 501 2226 -
523 2180 592 2261 quis
614 2179 713 2242 tallere
735 2181 827 2263 possit
848 2178 1013 2244 amentem?
1035 2203 1074 2231 -·

111 2265 291 2339 praesensit,
321 2273 480 2346 motusque
502 2266 615 2347 excepit
637 2266 730 2346 prima
754 2267 884 2340 tuturos,

111 2347 297 2415 Omnia'tuta
319 2351 434 2412 timens.
478 2351 585 2412 Eadem
609 2352 697 2434 impla
721 2353 807 2412 Fama
830 2351 958 2414 lurenti·

108 2437 230 2510 Detulit,
262 2437 368 2497 armari
390 2436 515 2498 classem
537 2455 718 2518 cursumque
739 2437 844 2519 parari.

109 2521 207 2604 Saevit
229 2522 315 2603 inops
338 2521 441 2593 enimi,
471 2531 619 2604 totamque
641 2524 758 2584 incensa
782 2543 835 2604 per
856 2521 959 2587 urbem
1099 2533 1164 2586 8⁰0

109 2607 285 2670 Bacchatur:
315 2607 412 2690 qualis
434 2609 588 2668 commotis
610 2610 702 2668 excita
724 2609 817 2682 sacris

110 2694 231 2777 Thyias,
262 2689 311 2753 ubi
334 2692 433 2774 audite
455 2693 604 2756 stimulant
625 2693 769 2754 trieterica
793 2692 909 2754 Baccho

110 2779 201 2862 Orgia
223 2787 442 2860 nocturnusque
467 2789 552 2840 vocat
573 2779 701 2840 clamere
722 2778 887 2840 Cithaeron.

110 2865 237 2926 Tandem
260 2865 305 2926 his
327 2864 444 2926 Aenean
465 2865 621 2946 compellat
642 2864 764 2934 vocibus
787 2865 877 2924 ultre:

75 3029 79 3034 ·
109 3029 140 3084 qu
157 3019 288 3098 regqatnr
304 3011 421 3136 qthh'rgffl
440 3044 473 3054 —
494 3010 554 3070 276.
571 3031 620 3090 ore
638 3015 729 3070 ‘lnbtm
743 3013 916 3070 &htttthitbrt
933 3015 984 3102 ttttb
1001 3012 1040 3068 bit
1051 3012 1164 3086 haltiqtn

108 3080 369 3217 naitanus,
382 3083 620 3232 narranti:
635 3081 1163 3220 tttttttmtttutttttst:

110 3219 210 3298 Μ·-
221 3217 439 3276 301.“οοηιιιιοιίι
450 3235 550 3286 marr,
564 3223 587 3276 b.
599 3219 619 3274 i.
644 3219 728 3287 hinc,
759 3220 776 3286 Ῐ.
806 3223 833 3285 l,
856 3217 891 3290 t]
913 3217 1009 3272 audite
1038 3219 1161 3288 Modra,
