<?xml version="1.0" encoding="UTF-8"?>
<!DOCTYPE html PUBLIC "-//W3C//DTD XHTML 1.0 Transitional//EN"
    "http://www.w3.org/TR/xhtml1/DTD/xhtml1-transitional.dtd">
<html xmlns="http://www.w3.org/1999/xhtml" xml:lang="en" lang="en">
 <head>
  <title>
</title>
<meta http-equiv="Content-Type" content="text/html;charset=utf-8" />
  <meta name='ocr-system' content='tesseract 3.04.00' />
  <meta name='ocr-capabilities' content='ocr_page ocr_carea ocr_par ocr_line ocrx_word'/>
</head>
<body>
  <div class='ocr_page' id='page_1' title='image "./pvirgiliimaroni16virggoog_0323.png"; bbox 0 0 2412 3630; ppageno 0'>
   <div class='ocr_carea' id='block_1_1' title="bbox 284 141 848 250">
    <p class='ocr_par' dir='ltr' id='par_1_1' title="bbox 284 141 848 250">
     <span class='ocr_line' id='line_1_1' title="bbox 284 141 848 250; baseline -0.007 0"><span class='ocrx_word' id='word_1_1' title='bbox 284 189 367 250; x_wconf 78' lang='lat' dir='ltr'>ara.</span> <span class='ocrx_word' id='word_1_2' title='bbox 383 187 563 244; x_wconf 73' lang='lat' dir='ltr'><strong>numm</strong></span> <span class='ocrx_word' id='word_1_3' title='bbox 581 205 606 244; x_wconf 73' lang='grc' dir='ltr'>ι.</span> <span class='ocrx_word' id='word_1_4' title='bbox 624 187 784 246; x_wconf 73' lang='lat' dir='ltr'>ac-aor</span> <span class='ocrx_word' id='word_1_5' title='bbox 844 141 848 148; x_wconf 36' lang='lat'><strong>⁴</strong></span> 
     </span>
    </p>
   </div>
   <div class='ocr_carea' id='block_1_2' title="bbox 28 331 1126 2975">
    <p class='ocr_par' dir='ltr' id='par_1_2' title="bbox 28 331 785 410">
     <span class='ocr_line' id='line_1_2' title="bbox 28 331 785 410; baseline -0.004 -16"><span class='ocrx_word' id='word_1_6' title='bbox 28 333 110 406; x_wconf 83' lang='lat' dir='ltr'>Esse,</span> <span class='ocrx_word' id='word_1_7' title='bbox 139 331 207 406; x_wconf 67' lang='lat' dir='ltr'>tulta</span> <span class='ocrx_word' id='word_1_8' title='bbox 237 340 298 396; x_wconf 87' lang='lat' dir='ltr'>teto</span> <span class='ocrx_word' id='word_1_9' title='bbox 320 339 459 394; x_wconf 83' lang='lat' dir='ltr'>certatum</span> <span class='ocrx_word' id='word_1_10' title='bbox 481 339 527 392; x_wconf 87' lang='lat' dir='ltr'>eet</span> <span class='ocrx_word' id='word_1_11' title='bbox 547 333 671 410; x_wconf 77' lang='lat' dir='ltr'>corpore</span> <span class='ocrx_word' id='word_1_12' title='bbox 692 331 785 410; x_wconf 76' lang='lat' dir='ltr'>regeri.</span> 
     </span>
    </p>

    <p class='ocr_par' dir='ltr' id='par_1_3' title="bbox 31 415 934 1352">
     <span class='ocr_line' id='line_1_3' title="bbox 31 415 934 498; baseline -0.003 -20"><span class='ocrx_word' id='word_1_13' title='bbox 31 417 107 480; x_wconf 77' lang='lat' dir='ltr'>Nuce</span> <span class='ocrx_word' id='word_1_14' title='bbox 127 416 218 488; x_wconf 89' lang='lat' dir='ltr'>adeo,</span> <span class='ocrx_word' id='word_1_15' title='bbox 248 415 672 498; x_wconf 68' lang='lat' dir='ltr'>quaesiturum-sententia</span> <span class='ocrx_word' id='word_1_16' title='bbox 695 418 799 488; x_wconf 81' lang='lat' dir='ltr'>menti,</span> <span class='ocrx_word' id='word_1_17' title='bbox 859 456 863 464; x_wconf 92' lang='lat'>.</span> <span class='ocrx_word' id='word_1_18' title='bbox 924 480 934 492; x_wconf 58' lang='grc'>,</span> 
     </span>
     <span class='ocr_line' id='line_1_4' title="bbox 31 500 870 582; baseline 0.004 -20"><span class='ocrx_word' id='word_1_19' title='bbox 31 501 180 582; x_wconf 84' lang='lat' dir='ltr'>Expediam</span> <span class='ocrx_word' id='word_1_20' title='bbox 201 510 229 562; x_wconf 87' lang='lat' dir='ltr'>et</span> <span class='ocrx_word' id='word_1_21' title='bbox 250 503 354 582; x_wconf 82' lang='lat' dir='ltr'>paucis</span> <span class='ocrx_word' id='word_1_22' title='bbox 377 535 396 548; x_wconf 96' lang='lat'><em>-</em></span> <span class='ocrx_word' id='word_1_23' title='bbox 419 503 531 562; x_wconf 87' lang='lat' dir='ltr'>animos</span> <span class='ocrx_word' id='word_1_24' title='bbox 552 500 686 564; x_wconf 87' lang='lat' dir='ltr'>adhibete</span> <span class='ocrx_word' id='word_1_25' title='bbox 707 535 727 550; x_wconf 90' lang='lat'>-</span> <span class='ocrx_word' id='word_1_26' title='bbox 749 501 870 565; x_wconf 79' lang='lat' dir='ltr'>docebo.</span> 
     </span>
     <span class='ocr_line' id='line_1_5' title="bbox 32 586 822 673; baseline 0 -25"><span class='ocrx_word' id='word_1_27' title='bbox 32 588 78 648; x_wconf 77' lang='lat' dir='ltr'>Est</span> <span class='ocrx_word' id='word_1_28' title='bbox 96 590 233 671; x_wconf 87' lang='lat' dir='ltr'>antiquus</span> <span class='ocrx_word' id='word_1_29' title='bbox 253 595 331 666; x_wconf 69' lang='lat' dir='ltr'>eger</span> <span class='ocrx_word' id='word_1_30' title='bbox 347 587 444 650; x_wconf 85' lang='lat' dir='ltr'>Tusco</span> <span class='ocrx_word' id='word_1_31' title='bbox 466 586 536 648; x_wconf 87' lang='lat' dir='ltr'>mibi</span> <span class='ocrx_word' id='word_1_32' title='bbox 559 588 708 668; x_wconf 81' lang='lat' dir='ltr'>proximus</span> <span class='ocrx_word' id='word_1_33' title='bbox 730 589 822 673; x_wconf 82' lang='lat' dir='ltr'>amni,</span> 
     </span>
     <span class='ocr_line' id='line_1_6' title="bbox 32 672 864 754; baseline 0.006 -22"><span class='ocrx_word' id='word_1_34' title='bbox 32 672 143 752; x_wconf 83' lang='lat' dir='ltr'>benges</span> <span class='ocrx_word' id='word_1_35' title='bbox 165 675 195 734; x_wconf 92' lang='lat' dir='ltr'>iu</span> <span class='ocrx_word' id='word_1_36' title='bbox 216 691 369 748; x_wconf 80' lang='lat' dir='ltr'>oceasum,</span> <span class='ocrx_word' id='word_1_37' title='bbox 403 673 482 736; x_wconf 87' lang='lat' dir='ltr'>fines.</span> <span class='ocrx_word' id='word_1_38' title='bbox 498 691 587 753; x_wconf 86' lang='lat' dir='ltr'>super</span> <span class='ocrx_word' id='word_1_39' title='bbox 607 674 704 754; x_wconf 86' lang='lat' dir='ltr'>usque</span> <span class='ocrx_word' id='word_1_40' title='bbox 725 673 864 751; x_wconf 78' lang='lat' dir='ltr'>Sicanos3</span> 
     </span>
     <span class='ocr_line' id='line_1_7' title="bbox 32 758 826 840; baseline 0.005 -23"><span class='ocrx_word' id='word_1_41' title='bbox 32 758 155 819; x_wconf 79' lang='lat' dir='ltr'>Aurunci</span> <span class='ocrx_word' id='word_1_42' title='bbox 174 758 332 840; x_wconf 73' lang='lat' dir='ltr'><strong>Rutulique</strong></span> <span class='ocrx_word' id='word_1_43' title='bbox 354 767 468 829; x_wconf 84' lang='lat' dir='ltr'>serunt,</span> <span class='ocrx_word' id='word_1_44' title='bbox 499 767 535 818; x_wconf 71' lang='lat' dir='ltr'>et⁴</span> <span class='ocrx_word' id='word_1_45' title='bbox 549 777 667 822; x_wconf 74' lang='lat' dir='ltr'>veniere</span> <span class='ocrx_word' id='word_1_46' title='bbox 688 758 781 821; x_wconf 91' lang='lat' dir='ltr'>duros</span> <span class='ocrx_word' id='word_1_47' title='bbox 821 799 826 810; x_wconf 85' lang='lat'><strong>·</strong></span> 
     </span>
     <span class='ocr_line' id='line_1_8' title="bbox 32 843 851 926; baseline 0.002 -22"><span class='ocrx_word' id='word_1_48' title='bbox 32 843 163 905; x_wconf 79' lang='lat' dir='ltr'>Exercent</span> <span class='ocrx_word' id='word_1_49' title='bbox 183 843 280 912; x_wconf 83' lang='lat' dir='ltr'>colles</span> <span class='ocrx_word' id='word_1_50' title='bbox 297 853 386 926; x_wconf 88' lang='lat' dir='ltr'>atque</span> <span class='ocrx_word' id='word_1_51' title='bbox 407 843 513 904; x_wconf 91' lang='lat' dir='ltr'>berum</span> <span class='ocrx_word' id='word_1_52' title='bbox 526 846 695 924; x_wconf 82' lang='lat' dir='ltr'>asperrime</span> <span class='ocrx_word' id='word_1_53' title='bbox 717 854 851 926; x_wconf 86' lang='lat' dir='ltr'>pascunt.</span> 
     </span>
     <span class='ocr_line' id='line_1_9' title="bbox 34 927 886 1014; baseline 0.002 -25"><span class='ocrx_word' id='word_1_54' title='bbox 34 930 106 1000; x_wconf 88' lang='lat' dir='ltr'>llaec</span> <span class='ocrx_word' id='word_1_55' title='bbox 126 929 221 991; x_wconf 89' lang='lat' dir='ltr'>omnis</span> <span class='ocrx_word' id='word_1_56' title='bbox 239 930 325 1008; x_wconf 81' lang='lat' dir='ltr'>&#39;regie</span> <span class='ocrx_word' id='word_1_57' title='bbox 346 939 375 990; x_wconf 89' lang='lat' dir='ltr'>et</span> <span class='ocrx_word' id='word_1_58' title='bbox 396 929 466 990; x_wconf 89' lang='lat' dir='ltr'>celsi</span> <span class='ocrx_word' id='word_1_59' title='bbox 490 927 575 1010; x_wconf 83' lang='lat' dir='ltr'>plaga</span> <span class='ocrx_word' id='word_1_60' title='bbox 597 931 681 1009; x_wconf 86' lang='lat' dir='ltr'>pinea</span> <span class='ocrx_word' id='word_1_61' title='bbox 704 933 810 992; x_wconf 86' lang='lat' dir='ltr'>mentis</span> <span class='ocrx_word' id='word_1_62' title='bbox 880 1005 886 1014; x_wconf 92' lang='lat'>.</span> 
     </span>
     <span class='ocr_line' id='line_1_10' title="bbox 34 1014 920 1097; baseline 0.005 -23"><span class='ocrx_word' id='word_1_63' title='bbox 34 1014 119 1076; x_wconf 86' lang='lat' dir='ltr'>Cedat</span> <span class='ocrx_word' id='word_1_64' title='bbox 139 1015 281 1083; x_wconf 78' lang='lat' dir='ltr'><strong>amicitiae</strong></span> <span class='ocrx_word' id='word_1_65' title='bbox 302 1015 493 1092; x_wconf 81' lang='lat' dir='ltr'>Teucrorum,</span> <span class='ocrx_word' id='word_1_66' title='bbox 523 1024 552 1076; x_wconf 90' lang='lat' dir='ltr'>et</span> <span class='ocrx_word' id='word_1_67' title='bbox 574 1015 697 1076; x_wconf 84' lang='lat' dir='ltr'>foederis</span> <span class='ocrx_word' id='word_1_68' title='bbox 719 1036 831 1097; x_wconf 86' lang='lat' dir='ltr'>aequas</span> <span class='ocrx_word' id='word_1_69' title='bbox 914 1026 920 1036; x_wconf 90' lang='grc'><strong>’</strong></span> 
     </span>
     <span class='ocr_line' id='line_1_11' title="bbox 35 1100 787 1182; baseline 0.003 -22"><span class='ocrx_word' id='word_1_70' title='bbox 35 1100 166 1162; x_wconf 85' lang='lat' dir='ltr'>Dicamus</span> <span class='ocrx_word' id='word_1_71' title='bbox 187 1100 268 1181; x_wconf 76' lang='lat' dir='ltr'>leges</span> <span class='ocrx_word' id='word_1_72' title='bbox 290 1101 449 1182; x_wconf 89' lang='lat' dir='ltr'>sociosque</span> <span class='ocrx_word' id='word_1_73' title='bbox 470 1102 498 1160; x_wconf 88' lang='lat' dir='ltr'>io</span> <span class='ocrx_word' id='word_1_74' title='bbox 522 1119 611 1178; x_wconf 82' lang='lat' dir='ltr'>regne</span> <span class='ocrx_word' id='word_1_75' title='bbox 625 1120 787 1180; x_wconf 17' lang='lat' dir='ltr'>*vocemuea</span> 
     </span>
     <span class='ocr_line' id='line_1_12' title="bbox 37 1185 855 1259; baseline 0.002 -13"><span class='ocrx_word' id='word_1_76' title='bbox 37 1185 204 1259; x_wconf 79' lang='lat' dir='ltr'><strong>Considunt,</strong></span> <span class='ocrx_word' id='word_1_77' title='bbox 232 1187 257 1248; x_wconf 92' lang='lat' dir='ltr'>si</span> <span class='ocrx_word' id='word_1_78' title='bbox 279 1195 375 1248; x_wconf 88' lang='lat' dir='ltr'>tantus</span> <span class='ocrx_word' id='word_1_79' title='bbox 398 1207 495 1257; x_wconf 88' lang='lat' dir='ltr'>amor,</span> <span class='ocrx_word' id='word_1_80' title='bbox 524 1195 553 1246; x_wconf 92' lang='lat' dir='ltr'>et</span> <span class='ocrx_word' id='word_1_81' title='bbox 574 1187 686 1246; x_wconf 88' lang='lat' dir='ltr'>moenia</span> <span class='ocrx_word' id='word_1_82' title='bbox 709 1186 855 1252; x_wconf 55' lang='lat' dir='ltr'>condant*</span> 
     </span>
     <span class='ocr_line' id='line_1_13' title="bbox 35 1270 749 1352; baseline -0.001 -20"><span class='ocrx_word' id='word_1_83' title='bbox 35 1270 176 1332; x_wconf 78' lang='lat' dir='ltr'>Sinalios</span> <span class='ocrx_word' id='word_1_84' title='bbox 198 1272 269 1334; x_wconf 86' lang='lat' dir='ltr'>lines</span> <span class='ocrx_word' id='word_1_85' title='bbox 291 1271 436 1352; x_wconf 82' lang='lat' dir='ltr'>aliamque</span> <span class='ocrx_word' id='word_1_86' title='bbox 458 1290 612 1352; x_wconf 77' lang='lat' dir='ltr'>capessere</span> <span class='ocrx_word' id='word_1_87' title='bbox 634 1281 749 1350; x_wconf 75' lang='lat' dir='ltr'>gentem</span> 
     </span>
    </p>

    <p class='ocr_par' dir='ltr' id='par_1_4' title="bbox 35 1356 802 1440">
     <span class='ocr_line' id='line_1_14' title="bbox 35 1356 802 1440; baseline 0.001 -24"><span class='ocrx_word' id='word_1_88' title='bbox 35 1356 81 1419; x_wconf 89' lang='lat' dir='ltr'>Est</span> <span class='ocrx_word' id='word_1_89' title='bbox 102 1357 217 1418; x_wconf 86' lang='lat' dir='ltr'>animus</span> <span class='ocrx_word' id='word_1_90' title='bbox 238 1367 418 1440; x_wconf 70' lang='lat' dir='ltr'><strong>poscuntque</strong></span> <span class='ocrx_word' id='word_1_91' title='bbox 439 1357 504 1418; x_wconf 87' lang='lat' dir='ltr'>sole</span> <span class='ocrx_word' id='word_1_92' title='bbox 527 1356 667 1416; x_wconf 79' lang='lat' dir='ltr'>decedere</span> <span class='ocrx_word' id='word_1_93' title='bbox 689 1365 802 1420; x_wconf 83' lang='lat' dir='ltr'>nostro:</span> 
     </span>
    </p>

    <p class='ocr_par' dir='ltr' id='par_1_5' title="bbox 35 1441 687 1512">
     <span class='ocr_line' id='line_1_15' title="bbox 35 1441 687 1512; baseline 0.006 -12"><span class='ocrx_word' id='word_1_94' title='bbox 35 1441 79 1504; x_wconf 82' lang='lat' dir='ltr'>liis</span> <span class='ocrx_word' id='word_1_95' title='bbox 100 1443 190 1504; x_wconf 89' lang='lat' dir='ltr'>denas</span> <span class='ocrx_word' id='word_1_96' title='bbox 213 1443 436 1505; x_wconf 78' lang='lat' dir='ltr'>ltalotexamus</span> <span class='ocrx_word' id='word_1_97' title='bbox 458 1441 562 1502; x_wconf 88' lang='lat' dir='ltr'>robore</span> <span class='ocrx_word' id='word_1_98' title='bbox 583 1461 687 1512; x_wconf 86' lang='lat' dir='ltr'>neves,</span> 
     </span>
    </p>

    <p class='ocr_par' dir='ltr' id='par_1_6' title="bbox 35 1525 942 1952">
     <span class='ocr_line' id='line_1_16' title="bbox 35 1525 914 1610; baseline 0.001 -22"><span class='ocrx_word' id='word_1_99' title='bbox 35 1526 86 1590; x_wconf 88' lang='lat' dir='ltr'>Seu</span> <span class='ocrx_word' id='word_1_100' title='bbox 109 1528 209 1610; x_wconf 86' lang='lat' dir='ltr'>plures</span> <span class='ocrx_word' id='word_1_101' title='bbox 223 1529 374 1610; x_wconf 82' lang='lat' dir='ltr'>complere</span> <span class='ocrx_word' id='word_1_102' title='bbox 395 1527 504 1590; x_wconf 84' lang='lat' dir='ltr'>valent:</span> <span class='ocrx_word' id='word_1_103' title='bbox 533 1529 608 1590; x_wconf 89' lang='lat' dir='ltr'>iacet</span> <span class='ocrx_word' id='word_1_104' title='bbox 629 1525 724 1588; x_wconf 87' lang='lat' dir='ltr'>omnis</span> <span class='ocrx_word' id='word_1_105' title='bbox 746 1526 783 1586; x_wconf 85' lang='lat' dir='ltr'>ad</span> <span class='ocrx_word' id='word_1_106' title='bbox 806 1527 914 1589; x_wconf 88' lang='lat' dir='ltr'>undam</span> 
     </span>
     <span class='ocr_line' id='line_1_17' title="bbox 36 1612 835 1695; baseline 0 -22"><span class='ocrx_word' id='word_1_107' title='bbox 36 1612 179 1689; x_wconf 81' lang='lat' dir='ltr'>blateries3</span> <span class='ocrx_word' id='word_1_108' title='bbox 209 1615 264 1695; x_wconf 87' lang='lat' dir='ltr'>ipsi</span> <span class='ocrx_word' id='word_1_109' title='bbox 287 1632 503 1695; x_wconf 78' lang='lat' dir='ltr'>numerumque</span> <span class='ocrx_word' id='word_1_110' title='bbox 525 1613 705 1693; x_wconf 87' lang='lat' dir='ltr'>modumque</span> <span class='ocrx_word' id='word_1_111' title='bbox 727 1613 835 1674; x_wconf 89' lang='lat' dir='ltr'>carinis</span> 
     </span>
     <span class='ocr_line' id='line_1_18' title="bbox 37 1695 942 1782; baseline 0.001 -24"><span class='ocrx_word' id='word_1_112' title='bbox 37 1698 226 1782; x_wconf 75' lang='lat' dir='ltr'>praecipiant3</span> <span class='ocrx_word' id='word_1_113' title='bbox 253 1719 307 1760; x_wconf 88' lang='lat' dir='ltr'>nos</span> <span class='ocrx_word' id='word_1_114' title='bbox 328 1719 410 1767; x_wconf 79' lang='lat' dir='ltr'>aera,</span> <span class='ocrx_word' id='word_1_115' title='bbox 440 1719 558 1773; x_wconf 82' lang='lat' dir='ltr'>manue,</span> <span class='ocrx_word' id='word_1_116' title='bbox 571 1765 574 1772; x_wconf 64' lang='grc'>,</span> <span class='ocrx_word' id='word_1_117' title='bbox 589 1698 701 1760; x_wconf 88' lang='lat' dir='ltr'>navalia</span> <span class='ocrx_word' id='word_1_118' title='bbox 723 1698 837 1759; x_wconf 85' lang='lat' dir='ltr'>demus.</span> <span class='ocrx_word' id='word_1_119' title='bbox 940 1695 942 1702; x_wconf 82' lang='lat'>&#39;</span> 
     </span>
     <span class='ocr_line' id='line_1_19' title="bbox 36 1781 823 1866; baseline 0.005 -24"><span class='ocrx_word' id='word_1_120' title='bbox 36 1783 196 1858; x_wconf 76' lang='lat' dir='ltr'>Praeterea,</span> <span class='ocrx_word' id='word_1_121' title='bbox 226 1783 372 1866; x_wconf 71' lang='lat' dir='ltr'>qui&#39;diota</span> <span class='ocrx_word' id='word_1_122' title='bbox 396 1785 488 1852; x_wconf 86' lang='lat' dir='ltr'>lerant</span> <span class='ocrx_word' id='word_1_123' title='bbox 508 1795 537 1846; x_wconf 87' lang='lat' dir='ltr'>et</span> <span class='ocrx_word' id='word_1_124' title='bbox 558 1785 673 1846; x_wconf 78' lang='lat' dir='ltr'>foedera</span> <span class='ocrx_word' id='word_1_125' title='bbox 696 1781 823 1858; x_wconf 86' lang='lat' dir='ltr'>firment,</span> 
     </span>
     <span class='ocr_line' id='line_1_20' title="bbox 37 1869 724 1952; baseline 0.003 -22"><span class='ocrx_word' id='word_1_126' title='bbox 37 1869 153 1932; x_wconf 85' lang='lat' dir='ltr'><strong>Centum</strong></span> <span class='ocrx_word' id='word_1_127' title='bbox 175 1879 306 1934; x_wconf 86' lang='lat' dir='ltr'>oratores</span> <span class='ocrx_word' id='word_1_128' title='bbox 327 1871 419 1952; x_wconf 85' lang='lat' dir='ltr'>prima</span> <span class='ocrx_word' id='word_1_129' title='bbox 442 1871 478 1932; x_wconf 88' lang='lat' dir='ltr'>de</span> <span class='ocrx_word' id='word_1_130' title='bbox 500 1881 585 1950; x_wconf 81' lang='lat' dir='ltr'>gente</span> <span class='ocrx_word' id='word_1_131' title='bbox 608 1871 724 1932; x_wconf 90' lang='lat' dir='ltr'>Latinos</span> 
     </span>
    </p>

    <p class='ocr_par' dir='ltr' id='par_1_7' title="bbox 37 1950 875 2123">
     <span class='ocr_line' id='line_1_21' title="bbox 37 1950 829 2038; baseline 0.006 -25"><span class='ocrx_word' id='word_1_132' title='bbox 37 1955 75 2017; x_wconf 91' lang='lat' dir='ltr'>lre</span> <span class='ocrx_word' id='word_1_133' title='bbox 95 1957 205 2038; x_wconf 87' lang='lat' dir='ltr'>placet,</span> <span class='ocrx_word' id='word_1_134' title='bbox 234 1950 374 2038; x_wconf 77' lang='lat' dir='ltr'>pacisque</span> <span class='ocrx_word' id='word_1_135' title='bbox 396 1977 483 2016; x_wconf 86' lang='lat' dir='ltr'>manu</span> <span class='ocrx_word' id='word_1_136' title='bbox 506 1957 693 2037; x_wconf 75' lang='lat' dir='ltr'>praetendere</span> <span class='ocrx_word' id='word_1_137' title='bbox 715 1975 829 2031; x_wconf 82' lang='lat' dir='ltr'>ramos,</span> 
     </span>
     <span class='ocr_line' id='line_1_22' title="bbox 38 2039 875 2123; baseline -0.002 -23"><span class='ocrx_word' id='word_1_138' title='bbox 38 2039 148 2104; x_wconf 87' lang='lat' dir='ltr'>llune&#39;ra</span> <span class='ocrx_word' id='word_1_139' title='bbox 170 2051 316 2122; x_wconf 89' lang='lat' dir='ltr'>portantes</span> <span class='ocrx_word' id='word_1_140' title='bbox 329 2043 459 2123; x_wconf 88' lang='lat' dir='ltr'>aurique</span> <span class='ocrx_word' id='word_1_141' title='bbox 481 2041 636 2123; x_wconf 85' lang='lat' dir='ltr'>eborisque</span> <span class='ocrx_word' id='word_1_142' title='bbox 658 2042 763 2102; x_wconf 83' lang='lat' dir='ltr'>talenta</span> <span class='ocrx_word' id='word_1_143' title='bbox 858 2044 875 2098; x_wconf 83' lang='lat'>⁰.</span> 
     </span>
    </p>

    <p class='ocr_par' dir='ltr' id='par_1_8' title="bbox 37 2125 1126 2376">
     <span class='ocr_line' id='line_1_23' title="bbox 37 2125 1119 2206; baseline 0.001 -21"><span class='ocrx_word' id='word_1_144' title='bbox 37 2125 67 2186; x_wconf 84' lang='lat' dir='ltr'>u</span> <span class='ocrx_word' id='word_1_145' title='bbox 84 2128 188 2190; x_wconf 87' lang='lat' dir='ltr'>sellam</span> <span class='ocrx_word' id='word_1_146' title='bbox 210 2128 291 2206; x_wconf 78' lang='lat' dir='ltr'>regni</span> <span class='ocrx_word' id='word_1_147' title='bbox 314 2127 501 2206; x_wconf 76' lang='lat' dir='ltr'>trabeamque</span> <span class='ocrx_word' id='word_1_148' title='bbox 524 2127 646 2206; x_wconf 79' lang='lat' dir='ltr'>insignia</span> <span class='ocrx_word' id='word_1_149' title='bbox 670 2128 768 2187; x_wconf 87' lang='lat' dir='ltr'>nostri.</span> <span class='ocrx_word' id='word_1_150' title='bbox 819 2169 822 2180; x_wconf 84' lang='lat'><em>.</em></span> <span class='ocrx_word' id='word_1_151' title='bbox 1114 2177 1119 2186; x_wconf 81' lang='grc'><strong>.</strong></span> 
     </span>
     <span class='ocr_line' id='line_1_24' title="bbox 37 2211 1126 2276; baseline -0.006 -4"><span class='ocrx_word' id='word_1_152' title='bbox 37 2211 179 2276; x_wconf 82' lang='lat' dir='ltr'>Consulite</span> <span class='ocrx_word' id='word_1_153' title='bbox 201 2214 230 2273; x_wconf 91' lang='lat' dir='ltr'>in</span> <span class='ocrx_word' id='word_1_154' title='bbox 253 2212 380 2272; x_wconf 91' lang='lat' dir='ltr'>medium</span> <span class='ocrx_word' id='word_1_155' title='bbox 403 2221 431 2272; x_wconf 86' lang='lat' dir='ltr'>at</span> <span class='ocrx_word' id='word_1_156' title='bbox 453 2211 539 2272; x_wconf 88' lang='lat' dir='ltr'>rebus</span> <span class='ocrx_word' id='word_1_157' title='bbox 561 2212 723 2272; x_wconf 79' lang='lat' dir='ltr'>succurrite</span> <span class='ocrx_word' id='word_1_158' title='bbox 745 2211 842 2270; x_wconf 83' lang='lat' dir='ltr'>fessis.</span> <span class='ocrx_word' id='word_1_159' title='bbox 947 2245 949 2250; x_wconf 86' lang='lat'><em>.</em></span> <span class='ocrx_word' id='word_1_160' title='bbox 1012 2217 1075 2266; x_wconf 77' lang='lat' dir='ltr'><strong>m</strong></span> <span class='ocrx_word' id='word_1_161' title='bbox 1124 2241 1126 2246; x_wconf 68' lang='lat'>,</span> 
     </span>
     <span class='ocr_line' id='line_1_25' title="bbox 115 2291 975 2376; baseline -0.009 -17"><span class='ocrx_word' id='word_1_162' title='bbox 115 2299 190 2371; x_wconf 81' lang='lat' dir='ltr'>Tum</span> <span class='ocrx_word' id='word_1_163' title='bbox 213 2298 357 2370; x_wconf 79' lang='lat' dir='ltr'>braccae,</span> <span class='ocrx_word' id='word_1_164' title='bbox 386 2297 463 2358; x_wconf 90' lang='lat' dir='ltr'>idem</span> <span class='ocrx_word' id='word_1_165' title='bbox 485 2296 631 2368; x_wconf 80' lang='lat' dir='ltr'>intensus,</span> <span class='ocrx_word' id='word_1_166' title='bbox 660 2315 748 2376; x_wconf 87' lang='lat' dir='ltr'>quem</span> <span class='ocrx_word' id='word_1_167' title='bbox 771 2291 975 2374; x_wconf 73' lang='lat' dir='ltr'>glottorant</span> 
     </span>
    </p>

    <p class='ocr_par' dir='ltr' id='par_1_9' title="bbox 37 2381 869 2466">
     <span class='ocr_line' id='line_1_26' title="bbox 37 2381 869 2466; baseline 0 -24"><span class='ocrx_word' id='word_1_168' title='bbox 37 2381 156 2466; x_wconf 80' lang='lat' dir='ltr'>Obliquat</span> <span class='ocrx_word' id='word_1_169' title='bbox 178 2383 285 2444; x_wconf 88' lang='lat' dir='ltr'>invidia</span> <span class='ocrx_word' id='word_1_170' title='bbox 307 2383 489 2463; x_wconf 88' lang='lat' dir='ltr'>stimulisque</span> <span class='ocrx_word' id='word_1_171' title='bbox 511 2382 638 2461; x_wconf 77' lang='lat' dir='ltr'>agitabat</span> <span class='ocrx_word' id='word_1_172' title='bbox 659 2381 780 2453; x_wconf 55' lang='lat' dir='ltr'>curarim</span> <span class='ocrx_word' id='word_1_173' title='bbox 863 2439 869 2454; x_wconf 79' lang='grc'><strong>,</strong></span> 
     </span>
    </p>

    <p class='ocr_par' dir='ltr' id='par_1_10' title="bbox 37 2464 911 2552">
     <span class='ocr_line' id='line_1_27' title="bbox 37 2464 911 2552; baseline -0.005 -24"><span class='ocrx_word' id='word_1_174' title='bbox 37 2466 144 2551; x_wconf 82' lang='lat' dir='ltr'>bargus</span> <span class='ocrx_word' id='word_1_175' title='bbox 166 2489 256 2552; x_wconf 85' lang='lat' dir='ltr'>opum</span> <span class='ocrx_word' id='word_1_176' title='bbox 278 2479 307 2528; x_wconf 88' lang='lat' dir='ltr'>ct</span> <span class='ocrx_word' id='word_1_177' title='bbox 329 2469 427 2548; x_wconf 83' lang='lat' dir='ltr'>lingua</span> <span class='ocrx_word' id='word_1_178' title='bbox 450 2467 566 2541; x_wconf 82' lang='lat' dir='ltr'>melier,</span> <span class='ocrx_word' id='word_1_179' title='bbox 596 2467 649 2528; x_wconf 85' lang='lat' dir='ltr'>sed</span> <span class='ocrx_word' id='word_1_180' title='bbox 671 2466 774 2545; x_wconf 78' lang='lat' dir='ltr'>frigida</span> <span class='ocrx_word' id='word_1_181' title='bbox 797 2464 875 2525; x_wconf 90' lang='lat' dir='ltr'>bello</span> <span class='ocrx_word' id='word_1_182' title='bbox 905 2524 911 2536; x_wconf 81' lang='grc'>,</span> 
     </span>
    </p>

    <p class='ocr_par' dir='ltr' id='par_1_11' title="bbox 37 2547 889 2627">
     <span class='ocr_line' id='line_1_28' title="bbox 37 2547 889 2627; baseline -0.002 -16"><span class='ocrx_word' id='word_1_183' title='bbox 37 2552 166 2627; x_wconf 80' lang='lat' dir='ltr'>Dextera,</span> <span class='ocrx_word' id='word_1_184' title='bbox 196 2555 326 2616; x_wconf 88' lang='lat' dir='ltr'>consiliis</span> <span class='ocrx_word' id='word_1_185' title='bbox 349 2553 462 2615; x_wconf 85' lang='lat' dir='ltr'>babitus</span> <span class='ocrx_word' id='word_1_186' title='bbox 486 2574 544 2614; x_wconf 93' lang='lat' dir='ltr'>non</span> <span class='ocrx_word' id='word_1_187' title='bbox 567 2553 657 2614; x_wconf 85' lang='lat' dir='ltr'>lutitis</span> <span class='ocrx_word' id='word_1_188' title='bbox 679 2561 794 2621; x_wconf 87' lang='lat' dir='ltr'>auctor,</span> <span class='ocrx_word' id='word_1_189' title='bbox 884 2547 889 2560; x_wconf 79' lang='grc'><em>“</em></span> 
     </span>
    </p>

    <p class='ocr_par' dir='ltr' id='par_1_12' title="bbox 37 2636 1078 2806">
     <span class='ocr_line' id='line_1_29' title="bbox 38 2636 1078 2722; baseline -0.004 -26"><span class='ocrx_word' id='word_1_190' title='bbox 38 2636 179 2702; x_wconf 87' lang='lat' dir='ltr'>Seditionc</span> <span class='ocrx_word' id='word_1_191' title='bbox 199 2649 316 2722; x_wconf 75' lang='lat' dir='ltr'>poteus3</span> <span class='ocrx_word' id='word_1_192' title='bbox 329 2665 335 2676; x_wconf 94' lang='lat'><strong>·</strong></span> <span class='ocrx_word' id='word_1_193' title='bbox 346 2657 440 2718; x_wconf 88' lang='lat' dir='ltr'>genus</span> <span class='ocrx_word' id='word_1_194' title='bbox 457 2639 531 2698; x_wconf 90' lang='lat' dir='ltr'>buic</span> <span class='ocrx_word' id='word_1_195' title='bbox 554 2648 680 2700; x_wconf 86' lang='lat' dir='ltr'>materna</span> <span class='ocrx_word' id='word_1_196' title='bbox 704 2636 864 2717; x_wconf 88' lang='lat' dir='ltr'>superbum</span> <span class='ocrx_word' id='word_1_197' title='bbox 1014 2643 1078 2693; x_wconf 74' lang='lat' dir='ltr'>tto</span> 
     </span>
     <span class='ocr_line' id='line_1_30' title="bbox 37 2722 770 2806; baseline 0 -24"><span class='ocrx_word' id='word_1_198' title='bbox 37 2722 171 2788; x_wconf 86' lang='lat' dir='ltr'>Nobilitas</span> <span class='ocrx_word' id='word_1_199' title='bbox 193 2726 294 2797; x_wconf 88' lang='lat' dir='ltr'>dabat,</span> <span class='ocrx_word' id='word_1_200' title='bbox 324 2726 464 2786; x_wconf 87' lang='lat' dir='ltr'>incertum</span> <span class='ocrx_word' id='word_1_201' title='bbox 487 2725 528 2784; x_wconf 82' lang='lat' dir='ltr'>de</span> <span class='ocrx_word' id='word_1_202' title='bbox 545 2735 624 2806; x_wconf 85' lang='lat' dir='ltr'>patre</span> <span class='ocrx_word' id='word_1_203' title='bbox 647 2724 770 2796; x_wconf 82' lang='lat' dir='ltr'>larebat3</span> 
     </span>
    </p>

    <p class='ocr_par' dir='ltr' id='par_1_13' title="bbox 38 2807 821 2892">
     <span class='ocr_line' id='line_1_31' title="bbox 38 2807 821 2892; baseline -0.004 -24"><span class='ocrx_word' id='word_1_204' title='bbox 38 2807 130 2892; x_wconf 81' lang='lat' dir='ltr'>Surgit</span> <span class='ocrx_word' id='word_1_205' title='bbox 151 2821 180 2873; x_wconf 90' lang='lat' dir='ltr'>et</span> <span class='ocrx_word' id='word_1_206' title='bbox 201 2811 247 2872; x_wconf 89' lang='lat' dir='ltr'>bis</span> <span class='ocrx_word' id='word_1_207' title='bbox 269 2821 369 2872; x_wconf 89' lang='lat' dir='ltr'>onerat</span> <span class='ocrx_word' id='word_1_208' title='bbox 390 2810 475 2871; x_wconf 91' lang='lat' dir='ltr'>dictis</span> <span class='ocrx_word' id='word_1_209' title='bbox 497 2820 584 2892; x_wconf 85' lang='lat' dir='ltr'>atque</span> <span class='ocrx_word' id='word_1_210' title='bbox 606 2817 726 2888; x_wconf 79' lang='lat' dir='ltr'>aggerat</span> <span class='ocrx_word' id='word_1_211' title='bbox 747 2809 821 2868; x_wconf 87' lang='lat' dir='ltr'>iras:</span> 
     </span>
    </p>

    <p class='ocr_par' dir='ltr' id='par_1_14' title="bbox 40 2891 890 2975">
     <span class='ocr_line' id='line_1_32' title="bbox 40 2891 890 2975; baseline -0.005 -21"><span class='ocrx_word' id='word_1_212' title='bbox 40 2891 104 2958; x_wconf 82' lang='lat' dir='ltr'>llem</span> <span class='ocrx_word' id='word_1_213' title='bbox 124 2897 197 2958; x_wconf 90' lang='lat' dir='ltr'>nulli</span> <span class='ocrx_word' id='word_1_214' title='bbox 220 2897 394 2972; x_wconf 86' lang='lat' dir='ltr'>obscuram,</span> <span class='ocrx_word' id='word_1_215' title='bbox 424 2905 541 2957; x_wconf 87' lang='lat' dir='ltr'>uestrae</span> <span class='ocrx_word' id='word_1_216' title='bbox 563 2915 617 2975; x_wconf 81' lang='lat' dir='ltr'>nec</span> <span class='ocrx_word' id='word_1_217' title='bbox 639 2895 722 2956; x_wconf 90' lang='lat' dir='ltr'>vocis</span> <span class='ocrx_word' id='word_1_218' title='bbox 744 2899 890 2974; x_wconf 55' lang='lat' dir='ltr'>egentem*</span> 
     </span>
    </p>
   </div>
   <div class='ocr_carea' id='block_1_3' title="bbox 39 2995 1084 3234">
    <p class='ocr_par' dir='ltr' id='par_1_15' title="bbox 39 2995 1084 3234">
     <span class='ocr_line' id='line_1_33' title="bbox 39 2995 1080 3098; baseline 0.004 -20"><span class='ocrx_word' id='word_1_219' title='bbox 39 3025 94 3098; x_wconf 73' lang='lat'>692]</span> <span class='ocrx_word' id='word_1_220' title='bbox 123 3061 158 3072; x_wconf 90' lang='grc'>-</span> <span class='ocrx_word' id='word_1_221' title='bbox 185 3025 244 3083; x_wconf 80' lang='lat' dir='ltr'>stu.</span> <span class='ocrx_word' id='word_1_222' title='bbox 274 3029 366 3082; x_wconf 74' lang='lat' dir='ltr'>unaco</span> <span class='ocrx_word' id='word_1_223' title='bbox 394 3028 482 3093; x_wconf 81' lang='lat' dir='ltr'>amnt,</span> <span class='ocrx_word' id='word_1_224' title='bbox 520 3030 544 3081; x_wconf 83' lang='lat' dir='ltr'>b.</span> <span class='ocrx_word' id='word_1_225' title='bbox 571 3025 691 3078; x_wconf 88' lang='lat' dir='ltr'>medium</span> <span class='ocrx_word' id='word_1_226' title='bbox 720 3024 791 3089; x_wconf 73' lang='lat' dir='ltr'>ciet.</span> <span class='ocrx_word' id='word_1_227' title='bbox 821 3044 856 3069; x_wconf 83' lang='lat'><strong><em>=</em></strong></span> <span class='ocrx_word' id='word_1_228' title='bbox 878 3021 905 3074; x_wconf 86' lang='lat' dir='ltr'>in</span> <span class='ocrx_word' id='word_1_229' title='bbox 929 2995 1080 3084; x_wconf 70' lang='lat' dir='ltr'>commune,¹</span> 
     </span>
     <span class='ocr_line' id='line_1_34' title="bbox 40 3086 1083 3166; baseline -0.004 -22"><span class='ocrx_word' id='word_1_230' title='bbox 40 3091 55 3144; x_wconf 86' lang='lat' dir='ltr'>l.</span> <span class='ocrx_word' id='word_1_231' title='bbox 81 3113 121 3153; x_wconf 76' lang='lat' dir='ltr'>ern</span> <span class='ocrx_word' id='word_1_232' title='bbox 149 3100 242 3166; x_wconf 55' lang='lat' dir='ltr'>minet,</span> <span class='ocrx_word' id='word_1_233' title='bbox 277 3101 329 3166; x_wconf 74' lang='lat' dir='ltr'>uqi.</span> <span class='ocrx_word' id='word_1_234' title='bbox 360 3099 394 3158; x_wconf 79' lang='lat' dir='ltr'>G.</span> <span class='ocrx_word' id='word_1_235' title='bbox 427 3103 448 3157; x_wconf 84' lang='lat'>1,</span> <span class='ocrx_word' id='word_1_236' title='bbox 478 3098 543 3149; x_wconf 77' lang='lat' dir='ltr'>tuuc</span> <span class='ocrx_word' id='word_1_237' title='bbox 570 3095 596 3146; x_wconf 88' lang='lat' dir='ltr'>in</span> <span class='ocrx_word' id='word_1_238' title='bbox 634 3110 818 3146; x_wconf 64' lang='lat' dir='ltr'>tttrruruuneurv</span> <span class='ocrx_word' id='word_1_239' title='bbox 845 3086 1009 3158; x_wconf 80' lang='lat' dir='ltr'>utilitatem]</span> <span class='ocrx_word' id='word_1_240' title='bbox 1046 3118 1083 3130; x_wconf 59' lang='lat'>-=</span> 
     </span>
     <span class='ocr_line' id='line_1_35' title="bbox 41 3155 1084 3234; baseline 0.014 -22"><span class='ocrx_word' id='word_1_241' title='bbox 41 3159 155 3228; x_wconf 74' lang='lat' dir='ltr'>Tuscum</span> <span class='ocrx_word' id='word_1_242' title='bbox 188 3166 326 3234; x_wconf 81' lang='lat' dir='ltr'>Tiberim]</span> <span class='ocrx_word' id='word_1_243' title='bbox 360 3193 394 3207; x_wconf 88' lang='lat'>-</span> <span class='ocrx_word' id='word_1_244' title='bbox 426 3163 491 3218; x_wconf 78' lang='lat'><strong>335.·</strong></span> <span class='ocrx_word' id='word_1_245' title='bbox 514 3164 543 3218; x_wconf 84' lang='lat' dir='ltr'>io</span> <span class='ocrx_word' id='word_1_246' title='bbox 569 3161 628 3217; x_wconf 79' lang='lat'><strong>338.</strong></span> <span class='ocrx_word' id='word_1_247' title='bbox 644 3165 739 3232; x_wconf 77' lang='lat' dir='ltr'>tergus</span> <span class='ocrx_word' id='word_1_248' title='bbox 756 3177 851 3230; x_wconf 73' lang='lat' dir='ltr'>opum,</span> <span class='ocrx_word' id='word_1_249' title='bbox 869 3161 921 3228; x_wconf 74' lang='lat' dir='ltr'>tul·</span> <span class='ocrx_word' id='word_1_250' title='bbox 939 3161 964 3225; x_wconf 71' lang='lat'>¹0</span> <span class='ocrx_word' id='word_1_251' title='bbox 982 3155 1027 3227; x_wconf 77' lang='lat' dir='ltr'>ul</span> <span class='ocrx_word' id='word_1_252' title='bbox 1046 3164 1084 3202; x_wconf 58' lang='lat'>‘¹²&#39;</span> 
     </span>
    </p>
   </div>
   <div class='ocr_carea' id='block_1_4' title="bbox 0 0 1222 3630">
    <p class='ocr_par' dir='ltr' id='par_1_16' title="bbox 0 0 1222 3630">
     <span class='ocr_line' id='line_1_36' title="bbox 0 0 1222 3630; baseline 0 0"><span class='ocrx_word' id='word_1_253' title='bbox 0 0 1222 3630; x_wconf 95' lang='lat' dir='ltr'> </span> 
     </span>
    </p>
   </div>
  </div>
 </body>
</html>
