2434 3634
90 185 170 264 'mo
224 263 228 269 ,
317 220 323 230 -
401 191 882 284 annumeremur-aco.

64 343 72 354 ‘
106 340 229 408 Auttu,
260 337 285 398 si
309 355 366 418 qua
390 336 516 410 maest,
546 337 571 397 si
594 355 683 418 quam
706 336 758 395 tibi
781 335 847 420 diva
869 337 992 414 creatrix

105 421 279 506 Ostendit·
302 423 511 503 nequeenim
542 421 645 491 credo
675 422 738 482 sino
761 422 890 481 numine
901 422 1002 504 divum

106 509 238 569 Flumina
260 516 337 567 tanta
360 514 445 587 paras
467 506 687 588 Stygiamque
679 525 778 568 muare
801 507 980 587 paludem-

105 595 146 654 Da
170 593 299 653 dextram
321 594 430 653 misero
453 602 481 652 et
502 603 598 651 tecum
622 612 668 652 me
690 592 758 652 tolle
780 613 832 690 per
856 591 963 666 undaS‚
1032 661 1034 672 Ι

39 725 43 730 -
85 729 87 738 .
106 679 231 740 Sedibus
255 687 287 738 ut
309 678 411 738 saltem
435 677 589 775 placidis
582 699 610 736 m
632 687 725 737 morte
747 679 907 758 quiescam.

84 763 183 826 '.l'alia
206 763 283 824 latus
305 772 381 832 erat,
412 764 506 842 coepit
528 783 595 822 cum
618 763 685 822 talia
709 772 804 824 vales.

13 869 15 878 ¹
106 849 188 909 Unde
210 848 314 922 haec,
312 868 347 924 o
358 847 522 921 Palinure,
551 848 602 907 tibi
625 858 683 907 tam
704 847 767 936 dira
767 845 939 928 cupido?'
1014 893 1018 898 -

66 950 76 968 ’
106 934 148 992 Τυ
172 932 288 1014 Stygias
304 919 478 996 inhumatus
501 952 594 1031 aquas
617 953 790 1032 amnemque
812 953 948 994 severum

106 1010 298 1078 Eumenidum
322 1019 461 1098 aspicies,
486 1019 620 1099 ripamve
643 1019 773 1080 iniussus
796 1017 910 1080 obitis?

106 1104 212 1164 Desine
229 1103 291 1164 lata
314 1103 401 1163 deum
424 1104 498 1165 flecti
522 1123 640 1184 sperare
662 1103 819 1184 precando

48 1189 52 1193 ’
106 1187 164 1250 Sed
186 1209 257 1269 cape
276 1188 355 1252 dicta
378 1209 504 1260 memor,
535 1189 599 1248 duri
622 1189 725 1250 solatia
748 1209 882 1254 casus,

52 1337 55 1340 ,
105 1273 178 1334 Nam
202 1281 253 1335 tua
276 1275 402 1348 finitimi,
433 1275 519 1352 longe
541 1275 654 1356 lateque
676 1294 733 1355 per
750 1275 838 1336 urbes
936 1333 943 1356 Ι

62 1359 252 1439 *Prodigiis
275 1355 330 1420 acti
354 1319 544 1433 cadlestibus,
575 1379 645 1421 ossa
657 1361 788 1440 piabunt
1005 1410 1023 1426 ,.

106 1445 142 1505 Et
164 1455 291 1507 statuent
311 1447 458 1506 tumulum
480 1456 509 1506 et
529 1443 644 1506 tumulo
666 1446 816 1506 sollemnia
840 1430 1002 1517 mittent‚‘
1112 1459 1182 1508 380

105 1533 320 1612 Aeternumque
343 1532 425 1592 locus
449 1532 576 1592 Palinuri
600 1551 704 1590 nomen
728 1517 851 1591 habebit

106 1617 159 1676 llis
180 1616 265 1677 dictis
288 1634 376 1676 curae
398 1626 526 1689 emotae,
556 1605 721 1696 pulsusque
744 1635 898 1697 parumper

40 1708 47 1724 ·
105 1700 203 1760 Corde
226 1701 310 1760 dolor
331 1703 420 1775 tristi3
451 1700 563 1780 gaudet
580 1703 756 1780 cognomine
778 1712 863 1762 terra.

193 1785 269 1862 Ergo
292 1786 345 1844 iter
366 1787 511 1866 inceptum
534 1796 677 1866 peragunt
698 1787 845 1867 fluvioque
868 1787 1073 1868 propinquant.

108 1863 208 1931 Navita
233 1889 307 1968 quos
330 1871 386 1930 iam
409 1866 476 1930 inde
497 1880 529 1930 ut
551 1871 651 1952 Stygia
673 1875 821 1953 prospexit
842 1873 879 1932 ab
903 1871 978 1931 unda
1110 1885 1180 1934 385

106 1947 163 2015 Per
185 1957 303 2015 tacitum
325 1975 430 2015 nemus
453 1957 495 2015 ire
517 1956 680 2038 pedemque
703 1957 897 2018 advertere
875 1977 969 2036 ripae,

86 2040 157 2102 *Sic
178 2041 259 2122 prior
281 2040 449 2122 aggreditur
471 2041 555 2103 dictis
578 2052 665 2122 atque
688 2044 816 2131 increpat
839 2043 929 2102 ultro:

55 2186 57 2194 χ
107 2127 249 2208 Quisquis
271 2146 319 2202 οε,
349 2135 478 2189 armatus
500 2129 550 2226 qui
573 2137 670 2190 nostra
693 2127 729 2188 ad
752 2119 870 2188 llumina
892 2097 1037 2205 tendisst

101 2214 178 2274 Fare
193 2233 263 2292 age,
287 2213 364 2295 quid
373 2213 487 2289 venias;
511 2215 568 2274 iam
585 2214 684 2288 istinc,
707 2224 737 2272 et
752 2215 912 2293 comprime
928 2232 1096 2292 gressum

106 2299 280 2374 Umbrarum
304 2299 352 2360 hic
374 2299 457 2360 locus
479 2308 537 2372 est,
568 2299 668 2360 Somni
690 2299 848 2378 Noctisque
870 2302 1007 2378 soporae&
1107 2309 1182 2364 390

106 2382 235 2464 Corpora
257 2385 323 2445 viva
346 2385 427 2446 naias
449 2384 549 2464 Stygia
571 2394 685 2444 vectare
707 2385 812 2444 carina.
892 2418 894 2422 ν

105 2467 168 2540 Neo
189 2488 258 2528 vcro
280 2469 397 2529 Alciden
421 2490 467 2529 me
489 2489 555 2531 sum
579 2469 705 2554 laetatus*
723 2479 839 2529 euntem

69 2548 90 2578 Ὗ
105 2553 262 2632 Accepisse
285 2553 366 2629 lacu,
396 2574 450 2614 nec
472 2555 580 2617 Thesea
606 2547 837 2634 Pirithoumque,

106 2637 158 2698 llis
181 2657 357 2719 quamquam
380 2641 468 2718 geniti
491 2651 578 2722 atque
600 2641 697 2702 inuicti
720 2641 831 2700 viribus
854 2650 959 2708 essent.

106 2723 274 2790 Tartareum
297 2723 345 2783 ille
367 2745 456 2786 manu
479 2723 631 2789 custodem
650 2728 679 2786 in
701 2725 797 2786 vincla
819 2725 931 2806 petivit,
1105 2737 1178 2790 395

21 2841 66 2898 -t
106 2809 203 2889 lpsius
226 2828 243 2868 a
265 2807 339 2869 solio
361 2811 440 2888 regis
462 2812 604 2892 traxitque
622 2820 822 2885 trementem3
1214 2819 1215 2824 ’

1 2975 3 2982 ⁴
105 2957 254 3022 tentetis,
268 2958 622 3030 uobatttlmnomtop]
648 2960 846 3026 fmlottua
867 2961 916 3011 169
935 2959 973 3026 (m
992 2960 1180 3045 umgcttbttet

78 3025 82 3033 '
105 3023 166 3077 ael
180 3025 239 3080 ittet
245 2997 406 3095 ³Alotqtbiroe
420 3031 469 3081 unt
484 3029 621 3093 termulen
648 3028 774 3110 §tatium
793 3035 870 3083 auten
883 3027 951 3081 Alata
964 3026 1040 3098 131)]
1055 3060 1091 3070 —
1111 3029 1178 3088 iam

104 3095 252 3148 Palinurus
274 3111 306 3149 aa
329 3099 371 3150 bct
388 3095 523 3158 llttsttr'tltt
544 3097 619 3151 lucc
647 3096 775 3161 intincta
794 3098 811 3150 t
831 3098 998 3158 exactore,
1012 3101 1174 3176 quoffatas)

17 3141 33 3168 .‹
89 3160 461 3234 transmittendam.
487 3163 624 3234 sarcago,
653 3163 732 3219 admi
744 3163 817 3236 fare]
833 3193 865 3205 -
878 3161 980 3216 3953111
993 3163 1083 3218 vincla
1096 3169 1175 3234 peti-
