2412 3630
303 217 814 280 irerennrerrrrrrncrtu---esn¹
856 301 858 310 Ι
903 245 937 258 ,ν
1015 175 1050 239 ·’
1096 199 1098 206 ’

50 359 189 442 Frenaque
210 349 413 440 ferventesque
434 367 527 433 totana
549 377 619 440 pars
640 367 761 424 munera
783 373 867 439 nota,
991 393 1020 430 ,·
1096 373 1100 392 ·

48 444 173 524 ipsorum
185 444 307 526 sclipeos
320 443 358 504 :'et
379 465 436 505 non
458 445 552 506 lelicia
574 446 640 508 tela.
757 471 761 480 ’

49 529 130 590 llulta
151 529 240 590 boum
262 531 340 590 circa
361 540 523 592 mactentur
543 551 664 613 corpora
688 533 786 606 Morti,

49 613 247 697 Setigeroeqno
267 633 339 676 sues
361 609 517 698 raptasque
539 635 575 677 ex
596 619 733 680 omnibus
754 621 833 699 agris

49 701 75 760 ln
95 701 238 762 llrmmam
260 700 394 780 iugulant
414 701 553 783 pecudes.
596 704 678 764 Tum·
692 705 776 765 litore
796 715 859 765 toto

48 785 180 848 lrdemes
202 795 333 866 spectant
353 787 452 849 socios
474 788 673 871 semiustaque
696 801 812 852 servant

49 871 144 947 Busta,
172 891 270 954 neque
290 870 375 932 evelli
397 882 534 954 possunt,
564 893 621 936 uox
643 875 762 936 humida
783 876 883 938 donec.

49 957 157 1018 lnvertit
177 957 292 1018 caelum
315 957 408 1019 stellis
430 957 608 1038 fulgentibus
630 971 741 1040 aptum.

126 1042 186 1104 Nec
208 1043 305 1104 minus
326 1051 355 1103 et
375 1044 473 1106 miseri
497 1043 612 1105 diversa
633 1046 661 1105 in
689 1055 769 1126 perte
791 1047 881 1109 Latini
950 1077 973 1102 u

49 1129 210 1190 lnnumeras
232 1137 363 1190 struxere
385 1149 501 1210 pyras„
518 1138 548 1190 et
569 1150 694 1211 corpora
717 1132 820 1211 partim

48 1213 136 1275 llulta'
153 1215 249 1274 virum
272 1223 364 1276 terrae
386 1215 546 1281 infodiunt.
564 1226 734 1298 ravectaque
756 1219 858 1298 partim
900 1229 911 1236 ”
954 1241 963 1269 ,·

50 1299 190 1360 linitimos
211 1298 368 1360 tollentia
390 1319 480 1380 agros
502 1300 627 1382 urbique
648 1302 804 1364 remittunt
859 1331 862 1338 ⁴

48 1383 142 1446 Cetera
163 1384 363 1463 oonlusaeque
384 1387 530 1465 ingentem
552 1386 651 1448 caedis
673 1407 809 1449 acervum
1067 1438 1071 1446 .

49 1467 103 1530 Nec
118 1489 244 1531 numero
266 1489 320 1531 neo
341 1471 454 1532 honore
475 1482 619 1548 cremant3
647 1481 719 1532 tuno
739 1472 866 1556 undique
880 1475 953 1535 vasti
1066 1499 1070 1509 *

49 1554 178 1617 Certatim
199 1555 311 1617 crebris
332 1557 479 1618 collucent
501 1558 619 1636 ignibus
641 1559 713 1639 agri.
977 1621 980 1628 ,

48 1640 132 1702 Tertia
155 1642 205 1702 lux
226 1639 354 1720 gelidam
364 1643 459 1715 ,caelo
480 1641 639 1704 dimoverat
661 1644 808 1706 umbram:
916 1667 921 1676 ·

47 1725 201 1791 llaerentes
220 1727 312 1790 altum
334 1728 460 1789 cinerem
481 1739 510 1788 et
531 1728 652 1791 conlusu
667 1730 797 1791 'ruebant
909 1756 912 1762 ¹

47 1810 116 1876 Ossa
139 1813 228 1884 locis,
257 1811 413 1895 tepidoque
435 1814 593 1876 onerabant
613 1835 722 1896 aggere
743 1826 845 1878 terrae.
877 1816 880 1824 '

46 1898 191 1960 lam-vero
212 1898 242 1958 in
263 1899 362 1974 tectis,
391 1899 557 1982 praedivitis
580 1901 652 1962 urbe
673 1902 780 1976 latini,

47 1983 220 2065 Praecipuus
242 1983 340 2064 fragor
360 1995 389 2046 et
410 1986 491 2076 lqngi
513 2005 582 2068 pare
603 1988 725 2048 maxima
749 1988 873 2050 luctus..
900 2031 904 2044 .

47 2069 96 2129 llic
117 2079 227 2132 matres
246 2071 430 2154 miseraeque
452 2091 560 2142 nurus,
589 2070 638 2132 lrio
659 2091 725 2132 cara
748 2091 884 2134 sororum

22 2153 161 2220 *Pectora
184 2165 363 2216 maerentum
386 2157 526 2238 puerique
548 2157 715 2236 parentibus
737 2158 801 2217 orbi

46 2239 141 2302 Dirum
163 2251 350 2312 exsecrantur
371 2241 479 2303 bellum
502 2240 647 2322 Turnique
669 2241 858 2323 hymenaeosr

46 2325 139 2407 lpsum
161 2326 254 2388 armis
273 2327 430 2410 ipsumque
452 2325 551 2386 iubent
572 2325 728 2388 decernere
750 2327 840 2397 ierro,
882 2337 887 2346 “

46 2411 98 2484 Qui
120 2431 244 2494 regnum
267 2412 365 2474 ltaliae
386 2422 415 2474 et
436 2413 547 2493 primos
568 2412 624 2473 sibi
647 2421 750 2494 poscat
771 2412 904 2474 honores.

46 2497 174 2579 lngrarat
196 2496 269 2558 haec
290 2517 397 2560 saevus
419 2497 561 2570 Drances,
591 2497 748 2580 solumque
769 2499 867 2560 vooeri
923 2541 934 2566 .

47 2583 189 2656 Testatur,
219 2583 315 2644 solum
338 2584 419 2666 posci
443 2585 471 2644 in
493 2585 649 2645 certamina
671 2585 808 2648 Turnum.
906 2663 908 2672 Ι
1003 2619 1008 2626 ·
1103 2605 1108 2618 ·

47 2667 132 2732 llultn
154 2669 243 2732 simul
265 2675 364 2732 contra
386 2670 634 2744 veniissententia
657 2669 741 2730 dictis

47 2753 98 2816 Pro
119 2755 233 2830 Turno,
263 2765 292 2816 et
313 2775 451 2836 magnum
474 2757 590 2836 reginae
612 2775 717 2816 nomen
740 2754 908 2834 obumbrat3
996 2762 997 2765 ’
1067 2767 1072 2786 ·
1188 2761 1192 2774 “

46 2839 129 2902 llulta
151 2841 248 2902 virum
271 2843 381 2904 meritis
403 2851 545 2904 sustentet
568 2843 643 2903 lama
665 2842 800 2922 tropaeis.

51 2975 53 2980 .
98 2927 188 2988 llos
210 2927 283 2987 inter
305 2938 416 3000 motus,
447 2928 542 2988 medio
564 2928 592 2986 in
615 2927 753 3007 flagrante
773 2927 915 3002 tumultu,
1019 2937 1081 2988 m
1115 2933 1119 2940 '

47 3009 117 3075 Ecce
138 3031 228 3095 super
248 3015 351 3076 maesti
373 3033 477 3094 magne
501 3011 648 3075 Diomedis
670 3013 706 3073 ab
729 3013 801 3074 urbe

49 3126 102 3184 rm,
115 3128 315 3198 semiustaque,
333 3130 466 3198 oirrlitbiq,
485 3129 501 3192 l.
517 3132 539 3192 l,
578 3154 611 3170 «-
632 3126 692 3182 208.
715 3147 766 3183 neo
786 3099 909 3188 numero.
932 3130 957 3182 t.
977 3128 996 3184 l.
1015 3127 1082 3190 ntor

47 3195 213 3266 ’hum
238 3207 347 3268 epten,
375 3199 393 3265 l.
423 3203 450 3252 4:
472 3195 552 3268 leel·
575 3197 769 3269 itbtoeltrttto]
785 3227 819 3256 e·-
834 3193 926 3264 fflff.
942 3196 1089 3273 Diomedis·

871 3295 910 3352 φ
