<?xml version="1.0" encoding="UTF-8"?>
<!DOCTYPE html PUBLIC "-//W3C//DTD XHTML 1.0 Transitional//EN"
    "http://www.w3.org/TR/xhtml1/DTD/xhtml1-transitional.dtd">
<html xmlns="http://www.w3.org/1999/xhtml" xml:lang="en" lang="en">
 <head>
  <title>
</title>
<meta http-equiv="Content-Type" content="text/html;charset=utf-8" />
  <meta name='ocr-system' content='tesseract 3.04.00' />
  <meta name='ocr-capabilities' content='ocr_page ocr_carea ocr_par ocr_line ocrx_word'/>
</head>
<body>
  <div class='ocr_page' id='page_1' title='image "./pvirgiliimaroni16virggoog_0424.png"; bbox 0 0 2428 3634; ppageno 0'>
   <div class='ocr_carea' id='block_1_1' title="bbox 133 209 993 304">
    <p class='ocr_par' dir='ltr' id='par_1_1' title="bbox 133 209 993 304">
     <span class='ocr_line' id='line_1_1' title="bbox 133 209 993 304; baseline 0.005 -26"><span class='ocrx_word' id='word_1_1' title='bbox 133 209 178 278; x_wconf 80' lang='grc'>48</span> <span class='ocrx_word' id='word_1_2' title='bbox 405 225 528 282; x_wconf 79' lang='lat' dir='ltr'>usuum</span> <span class='ocrx_word' id='word_1_3' title='bbox 549 225 686 304; x_wconf 77' lang='lat' dir='ltr'>unsar.</span> <span class='ocrx_word' id='word_1_4' title='bbox 709 244 734 280; x_wconf 74' lang='lat' dir='ltr'>v.</span> <span class='ocrx_word' id='word_1_5' title='bbox 752 223 900 282; x_wconf 81' lang='lat' dir='ltr'>ato-aas</span> <span class='ocrx_word' id='word_1_6' title='bbox 981 239 993 258; x_wconf 89' lang='lat'><strong>·</strong></span> 
     </span>
    </p>
   </div>
   <div class='ocr_carea' id='block_1_2' title="bbox 20 385 1178 2879">
    <p class='ocr_par' dir='ltr' id='par_1_2' title="bbox 132 385 1178 811">
     <span class='ocr_line' id='line_1_2' title="bbox 135 385 1178 466; baseline 0.005 -17"><span class='ocrx_word' id='word_1_7' title='bbox 135 387 194 450; x_wconf 89' lang='lat' dir='ltr'>laur</span> <span class='ocrx_word' id='word_1_8' title='bbox 217 385 274 448; x_wconf 89' lang='lat' dir='ltr'>sibi</span> <span class='ocrx_word' id='word_1_9' title='bbox 294 393 354 447; x_wconf 90' lang='lat' dir='ltr'>tum</span> <span class='ocrx_word' id='word_1_10' title='bbox 376 403 394 446; x_wconf 92' lang='lat' dir='ltr'>a</span> <span class='ocrx_word' id='word_1_11' title='bbox 416 389 513 466; x_wconf 75' lang='lat' dir='ltr'>curvis</span> <span class='ocrx_word' id='word_1_12' title='bbox 534 385 609 448; x_wconf 86' lang='lat' dir='ltr'>male</span> <span class='ocrx_word' id='word_1_13' title='bbox 631 394 775 466; x_wconf 88' lang='lat' dir='ltr'>temperat</span> <span class='ocrx_word' id='word_1_14' title='bbox 794 387 870 450; x_wconf 83' lang='lat' dir='ltr'>uada</span> <span class='ocrx_word' id='word_1_15' title='bbox 892 390 1012 464; x_wconf 74' lang='lat' dir='ltr'>canus,</span> <span class='ocrx_word' id='word_1_16' title='bbox 1114 399 1178 460; x_wconf 67' lang='lat' dir='ltr'>att,</span> 
     </span>
     <span class='ocr_line' id='line_1_3' title="bbox 134 467 939 552; baseline -0.002 -16"><span class='ocrx_word' id='word_1_17' title='bbox 134 473 205 536; x_wconf 83' lang='lat' dir='ltr'>Cum</span> <span class='ocrx_word' id='word_1_18' title='bbox 227 472 323 534; x_wconf 87' lang='lat' dir='ltr'>medio</span> <span class='ocrx_word' id='word_1_19' title='bbox 346 472 461 534; x_wconf 90' lang='lat' dir='ltr'>celeres</span> <span class='ocrx_word' id='word_1_20' title='bbox 482 467 615 534; x_wconf 79' lang='lat' dir='ltr'>revolabt</span> <span class='ocrx_word' id='word_1_21' title='bbox 636 491 674 534; x_wconf 84' lang='lat' dir='ltr'>ex</span> <span class='ocrx_word' id='word_1_22' title='bbox 695 491 825 552; x_wconf 83' lang='lat' dir='ltr'>aequore</span> <span class='ocrx_word' id='word_1_23' title='bbox 846 476 939 551; x_wconf 85' lang='lat' dir='ltr'>mergi</span> 
     </span>
     <span class='ocr_line' id='line_1_4' title="bbox 133 557 945 638; baseline -0.004 -17"><span class='ocrx_word' id='word_1_24' title='bbox 133 559 355 638; x_wconf 76' lang='lat' dir='ltr'><strong>clamoremque</strong></span> <span class='ocrx_word' id='word_1_25' title='bbox 377 558 473 620; x_wconf 83' lang='lat' dir='ltr'>ferunt</span> <span class='ocrx_word' id='word_1_26' title='bbox 493 557 530 618; x_wconf 93' lang='lat' dir='ltr'>ad</span> <span class='ocrx_word' id='word_1_27' title='bbox 551 559 647 635; x_wconf 85' lang='lat' dir='ltr'>litora,</span> <span class='ocrx_word' id='word_1_28' title='bbox 670 577 793 637; x_wconf 86' lang='lat' dir='ltr'>cumque</span> <span class='ocrx_word' id='word_1_29' title='bbox 814 562 945 620; x_wconf 86' lang='lat' dir='ltr'>marinae</span> 
     </span>
     <span class='ocr_line' id='line_1_5' title="bbox 132 639 842 724; baseline -0.006 -16"><span class='ocrx_word' id='word_1_30' title='bbox 132 647 165 708; x_wconf 96' lang='lat' dir='ltr'>ln</span> <span class='ocrx_word' id='word_1_31' title='bbox 187 649 269 708; x_wconf 84' lang='lat' dir='ltr'>sicco</span> <span class='ocrx_word' id='word_1_32' title='bbox 291 645 392 706; x_wconf 90' lang='lat' dir='ltr'>ludunt</span> <span class='ocrx_word' id='word_1_33' title='bbox 413 643 530 722; x_wconf 83' lang='lat' dir='ltr'>fulicae,</span> <span class='ocrx_word' id='word_1_34' title='bbox 552 639 698 724; x_wconf 79' lang='lat' dir='ltr'>notasque</span> <span class='ocrx_word' id='word_1_35' title='bbox 719 645 842 724; x_wconf 91' lang='lat' dir='ltr'>paludes</span> 
     </span>
     <span class='ocr_line' id='line_1_6' title="bbox 133 731 927 811; baseline -0.001 -17"><span class='ocrx_word' id='word_1_36' title='bbox 133 733 251 794; x_wconf 78' lang='lat' dir='ltr'>Deserit</span> <span class='ocrx_word' id='word_1_37' title='bbox 272 741 359 811; x_wconf 88' lang='lat' dir='ltr'>atque</span> <span class='ocrx_word' id='word_1_38' title='bbox 381 731 467 791; x_wconf 90' lang='lat' dir='ltr'>altam</span> <span class='ocrx_word' id='word_1_39' title='bbox 489 749 578 810; x_wconf 89' lang='lat' dir='ltr'>snpra</span> <span class='ocrx_word' id='word_1_40' title='bbox 599 731 680 791; x_wconf 91' lang='lat' dir='ltr'>volat</span> <span class='ocrx_word' id='word_1_41' title='bbox 701 731 789 796; x_wconf 87' lang='lat' dir='ltr'>ardea</span> <span class='ocrx_word' id='word_1_42' title='bbox 810 731 927 794; x_wconf 91' lang='lat' dir='ltr'>nubem.</span> 
     </span>
    </p>

    <p class='ocr_par' dir='ltr' id='par_1_3' title="bbox 28 803 1165 900">
     <span class='ocr_line' id='line_1_7' title="bbox 28 803 1165 900; baseline -0.002 -20"><span class='ocrx_word' id='word_1_43' title='bbox 28 876 43 898; x_wconf 65' lang='lat'><em>,</em></span> <span class='ocrx_word' id='word_1_44' title='bbox 132 819 230 900; x_wconf 87' lang='lat' dir='ltr'>Saepe</span> <span class='ocrx_word' id='word_1_45' title='bbox 252 821 337 878; x_wconf 90' lang='lat' dir='ltr'>etiam</span> <span class='ocrx_word' id='word_1_46' title='bbox 360 816 471 892; x_wconf 90' lang='lat' dir='ltr'>stelles,</span> <span class='ocrx_word' id='word_1_47' title='bbox 494 803 580 878; x_wconf 79' lang='lat' dir='ltr'>ventb</span> <span class='ocrx_word' id='word_1_48' title='bbox 603 817 799 897; x_wconf 74' lang='lat' dir='ltr'>impendente,</span> <span class='ocrx_word' id='word_1_49' title='bbox 822 817 936 878; x_wconf 89' lang='lat' dir='ltr'>videbis</span> <span class='ocrx_word' id='word_1_50' title='bbox 1115 831 1165 884; x_wconf 75' lang='lat' dir='ltr'>aas</span> 
     </span>
    </p>

    <p class='ocr_par' dir='ltr' id='par_1_4' title="bbox 90 901 1013 1844">
     <span class='ocr_line' id='line_1_8' title="bbox 94 901 909 984; baseline -0.002 -18"><span class='ocrx_word' id='word_1_51' title='bbox 94 939 98 950; x_wconf 56' lang='grc' dir='ltr'><em>ι</em></span> <span class='ocrx_word' id='word_1_52' title='bbox 131 905 310 984; x_wconf 87' lang='lat' dir='ltr'>Praecipites</span> <span class='ocrx_word' id='word_1_53' title='bbox 333 902 416 964; x_wconf 89' lang='lat' dir='ltr'>eaelo</span> <span class='ocrx_word' id='word_1_54' title='bbox 438 901 507 980; x_wconf 87' lang='lat' dir='ltr'>labi,</span> <span class='ocrx_word' id='word_1_55' title='bbox 529 906 685 982; x_wconf 84' lang='lat' dir='ltr'>noctisque</span> <span class='ocrx_word' id='word_1_56' title='bbox 705 922 759 984; x_wconf 91' lang='lat' dir='ltr'>per</span> <span class='ocrx_word' id='word_1_57' title='bbox 779 903 909 964; x_wconf 86' lang='lat' dir='ltr'>umbram</span> 
     </span>
     <span class='ocr_line' id='line_1_9' title="bbox 130 988 917 1068; baseline -0.004 -15"><span class='ocrx_word' id='word_1_58' title='bbox 130 990 320 1053; x_wconf 81' lang='lat' dir='ltr'><strong>Flammarum</strong></span> <span class='ocrx_word' id='word_1_59' title='bbox 341 988 449 1068; x_wconf 89' lang='lat' dir='ltr'>longos</span> <span class='ocrx_word' id='word_1_60' title='bbox 471 1007 489 1050; x_wconf 89' lang='lat' dir='ltr'>a</span> <span class='ocrx_word' id='word_1_61' title='bbox 509 999 594 1066; x_wconf 89' lang='lat' dir='ltr'>tergo</span> <span class='ocrx_word' id='word_1_62' title='bbox 617 989 770 1064; x_wconf 73' lang='lat' dir='ltr'>albescere</span> <span class='ocrx_word' id='word_1_63' title='bbox 791 998 917 1064; x_wconf 80' lang='lat' dir='ltr'>tractus3</span> 
     </span>
     <span class='ocr_line' id='line_1_10' title="bbox 131 1075 975 1156; baseline -0.002 -18"><span class='ocrx_word' id='word_1_64' title='bbox 131 1078 229 1156; x_wconf 83' lang='lat' dir='ltr'>Saepe</span> <span class='ocrx_word' id='word_1_65' title='bbox 250 1075 344 1136; x_wconf 90' lang='lat' dir='ltr'>levem</span> <span class='ocrx_word' id='word_1_66' title='bbox 365 1075 480 1155; x_wconf 88' lang='lat' dir='ltr'>paleam</span> <span class='ocrx_word' id='word_1_67' title='bbox 503 1085 533 1136; x_wconf 92' lang='lat' dir='ltr'>et</span> <span class='ocrx_word' id='word_1_68' title='bbox 553 1075 673 1138; x_wconf 80' lang='lat' dir='ltr'>frondes</span> <span class='ocrx_word' id='word_1_69' title='bbox 694 1075 817 1136; x_wconf 92' lang='lat' dir='ltr'>volitare</span> <span class='ocrx_word' id='word_1_70' title='bbox 840 1075 975 1151; x_wconf 86' lang='lat' dir='ltr'>caducas,</span> 
     </span>
     <span class='ocr_line' id='line_1_11' title="bbox 131 1161 913 1241; baseline -0.004 -16"><span class='ocrx_word' id='word_1_71' title='bbox 131 1163 191 1226; x_wconf 80' lang='lat' dir='ltr'>tut</span> <span class='ocrx_word' id='word_1_72' title='bbox 213 1179 323 1222; x_wconf 83' lang='lat' dir='ltr'>sumnm</span> <span class='ocrx_word' id='word_1_73' title='bbox 344 1171 449 1224; x_wconf 87' lang='lat' dir='ltr'>nantes</span> <span class='ocrx_word' id='word_1_74' title='bbox 471 1164 500 1222; x_wconf 93' lang='lat' dir='ltr'>in</span> <span class='ocrx_word' id='word_1_75' title='bbox 523 1179 598 1240; x_wconf 87' lang='lat' dir='ltr'>aqua</span> <span class='ocrx_word' id='word_1_76' title='bbox 621 1161 769 1222; x_wconf 80' lang='lat' dir='ltr'>colludere</span> <span class='ocrx_word' id='word_1_77' title='bbox 790 1161 913 1241; x_wconf 88' lang='lat' dir='ltr'>plumas.</span> 
     </span>
     <span class='ocr_line' id='line_1_12' title="bbox 130 1247 972 1328; baseline -0.002 -18"><span class='ocrx_word' id='word_1_78' title='bbox 130 1249 170 1310; x_wconf 78' lang='lat' dir='ltr'>tr</span> <span class='ocrx_word' id='word_1_79' title='bbox 192 1247 306 1310; x_wconf 82' lang='lat' dir='ltr'>boreae</span> <span class='ocrx_word' id='word_1_80' title='bbox 329 1247 365 1308; x_wconf 93' lang='lat' dir='ltr'>de</span> <span class='ocrx_word' id='word_1_81' title='bbox 386 1259 470 1328; x_wconf 89' lang='lat' dir='ltr'>parte</span> <span class='ocrx_word' id='word_1_82' title='bbox 491 1251 581 1310; x_wconf 85' lang='lat' dir='ltr'>trucis</span> <span class='ocrx_word' id='word_1_83' title='bbox 605 1267 669 1309; x_wconf 91' lang='lat' dir='ltr'>eum</span> <span class='ocrx_word' id='word_1_84' title='bbox 691 1247 832 1324; x_wconf 82' lang='lat' dir='ltr'>fulminat,</span> <span class='ocrx_word' id='word_1_85' title='bbox 855 1257 885 1308; x_wconf 92' lang='lat' dir='ltr'>et</span> <span class='ocrx_word' id='word_1_86' title='bbox 908 1265 972 1308; x_wconf 87' lang='lat' dir='ltr'>oum</span> 
     </span>
     <span class='ocr_line' id='line_1_13' title="bbox 130 1333 952 1415; baseline -0.002 -19"><span class='ocrx_word' id='word_1_87' title='bbox 130 1335 260 1414; x_wconf 84' lang='lat' dir='ltr'>Eurique</span> <span class='ocrx_word' id='word_1_88' title='bbox 282 1333 466 1415; x_wconf 74' lang='lat' dir='ltr'>Zephyrique</span> <span class='ocrx_word' id='word_1_89' title='bbox 487 1343 569 1396; x_wconf 89' lang='lat' dir='ltr'>tonat</span> <span class='ocrx_word' id='word_1_90' title='bbox 591 1333 708 1394; x_wconf 85' lang='lat' dir='ltr'>domus:</span> <span class='ocrx_word' id='word_1_91' title='bbox 737 1337 834 1400; x_wconf 88' lang='lat' dir='ltr'>omnia</span> <span class='ocrx_word' id='word_1_92' title='bbox 855 1333 952 1413; x_wconf 87' lang='lat' dir='ltr'>plenis</span> 
     </span>
     <span class='ocr_line' id='line_1_14' title="bbox 129 1419 908 1500; baseline -0.003 -18"><span class='ocrx_word' id='word_1_93' title='bbox 129 1420 209 1482; x_wconf 86' lang='lat' dir='ltr'>llura</span> <span class='ocrx_word' id='word_1_94' title='bbox 230 1429 330 1482; x_wconf 71' lang='lat' dir='ltr'>namot</span> <span class='ocrx_word' id='word_1_95' title='bbox 351 1419 451 1498; x_wconf 78' lang='lat' dir='ltr'>fossis,</span> <span class='ocrx_word' id='word_1_96' title='bbox 475 1430 561 1500; x_wconf 89' lang='lat' dir='ltr'>atque</span> <span class='ocrx_word' id='word_1_97' title='bbox 583 1423 677 1488; x_wconf 88' lang='lat' dir='ltr'>omnis</span> <span class='ocrx_word' id='word_1_98' title='bbox 699 1424 796 1480; x_wconf 89' lang='lat' dir='ltr'>navita</span> <span class='ocrx_word' id='word_1_99' title='bbox 817 1429 908 1500; x_wconf 92' lang='lat' dir='ltr'>ponto</span> 
     </span>
     <span class='ocr_line' id='line_1_15' title="bbox 131 1505 1013 1586; baseline -0.002 -18"><span class='ocrx_word' id='word_1_100' title='bbox 131 1507 252 1568; x_wconf 89' lang='lat' dir='ltr'>llumida</span> <span class='ocrx_word' id='word_1_101' title='bbox 274 1505 339 1566; x_wconf 92' lang='lat' dir='ltr'>vela</span> <span class='ocrx_word' id='word_1_102' title='bbox 361 1506 443 1586; x_wconf 91' lang='lat' dir='ltr'>legit.</span> <span class='ocrx_word' id='word_1_103' title='bbox 487 1506 647 1586; x_wconf 86' lang='lat' dir='ltr'>Numquam</span> <span class='ocrx_word' id='word_1_104' title='bbox 669 1505 898 1586; x_wconf 78' lang='lat' dir='ltr'>imprudentibus</span> <span class='ocrx_word' id='word_1_105' title='bbox 920 1506 1013 1566; x_wconf 82' lang='lat' dir='ltr'>imber</span> 
     </span>
     <span class='ocr_line' id='line_1_16' title="bbox 133 1591 971 1670; baseline -0.004 -15"><span class='ocrx_word' id='word_1_106' title='bbox 133 1593 247 1655; x_wconf 82' lang='lat' dir='ltr'>obfuit:</span> <span class='ocrx_word' id='word_1_107' title='bbox 277 1601 326 1653; x_wconf 89' lang='lat' dir='ltr'>aut</span> <span class='ocrx_word' id='word_1_108' title='bbox 347 1591 426 1655; x_wconf 89' lang='lat' dir='ltr'>illum</span> <span class='ocrx_word' id='word_1_109' title='bbox 448 1603 615 1670; x_wconf 78' lang='lat' dir='ltr'>surgentem</span> <span class='ocrx_word' id='word_1_110' title='bbox 636 1593 759 1654; x_wconf 89' lang='lat' dir='ltr'>vallibus</span> <span class='ocrx_word' id='word_1_111' title='bbox 783 1595 848 1654; x_wconf 87' lang='lat' dir='ltr'>imis</span> <span class='ocrx_word' id='word_1_112' title='bbox 968 1665 971 1670; x_wconf 20' lang='grc'>1</span> 
     </span>
     <span class='ocr_line' id='line_1_17' title="bbox 130 1678 815 1757; baseline -0.004 -16"><span class='ocrx_word' id='word_1_113' title='bbox 130 1680 239 1741; x_wconf 74' lang='lat' dir='ltr'>Aerias</span> <span class='ocrx_word' id='word_1_114' title='bbox 260 1678 363 1756; x_wconf 84' lang='lat' dir='ltr'>lugere</span> <span class='ocrx_word' id='word_1_115' title='bbox 384 1697 482 1757; x_wconf 89' lang='lat' dir='ltr'>grues,</span> <span class='ocrx_word' id='word_1_116' title='bbox 506 1689 556 1740; x_wconf 91' lang='lat' dir='ltr'>aut</span> <span class='ocrx_word' id='word_1_117' title='bbox 577 1678 682 1740; x_wconf 87' lang='lat' dir='ltr'>bucule</span> <span class='ocrx_word' id='word_1_118' title='bbox 705 1678 815 1740; x_wconf 89' lang='lat' dir='ltr'>caelum</span> 
     </span>
     <span class='ocr_line' id='line_1_18' title="bbox 90 1765 838 1844; baseline -0.003 -18"><span class='ocrx_word' id='word_1_119' title='bbox 90 1799 99 1816; x_wconf 57' lang='grc' dir='ltr'><strong>ι</strong></span> <span class='ocrx_word' id='word_1_120' title='bbox 131 1766 302 1844; x_wconf 80' lang='lat' dir='ltr'>Suspicione</span> <span class='ocrx_word' id='word_1_121' title='bbox 324 1765 431 1844; x_wconf 88' lang='lat' dir='ltr'>patulis</span> <span class='ocrx_word' id='word_1_122' title='bbox 454 1767 581 1843; x_wconf 80' lang='lat' dir='ltr'>captavit</span> <span class='ocrx_word' id='word_1_123' title='bbox 602 1765 720 1826; x_wconf 90' lang='lat' dir='ltr'>naribus</span> <span class='ocrx_word' id='word_1_124' title='bbox 742 1783 838 1841; x_wconf 89' lang='lat' dir='ltr'>auras,</span> 
     </span>
    </p>

    <p class='ocr_par' dir='ltr' id='par_1_5' title="bbox 129 1849 972 2618">
     <span class='ocr_line' id='line_1_19' title="bbox 131 1849 831 1928; baseline -0.003 -16"><span class='ocrx_word' id='word_1_125' title='bbox 131 1851 189 1912; x_wconf 82' lang='lat' dir='ltr'>Aut</span> <span class='ocrx_word' id='word_1_126' title='bbox 211 1859 312 1928; x_wconf 89' lang='lat' dir='ltr'>argute</span> <span class='ocrx_word' id='word_1_127' title='bbox 334 1849 416 1909; x_wconf 86' lang='lat' dir='ltr'>lacus</span> <span class='ocrx_word' id='word_1_128' title='bbox 439 1849 679 1910; x_wconf 76' lang='lat' dir='ltr'>circumvolitavit</span> <span class='ocrx_word' id='word_1_129' title='bbox 699 1849 831 1926; x_wconf 89' lang='lat' dir='ltr'>hirundo,</span> 
     </span>
     <span class='ocr_line' id='line_1_20' title="bbox 130 1934 939 2020; baseline -0.001 -23"><span class='ocrx_word' id='word_1_130' title='bbox 130 1937 168 1997; x_wconf 82' lang='lat' dir='ltr'>llt</span> <span class='ocrx_word' id='word_1_131' title='bbox 188 1945 322 2020; x_wconf 68' lang='lat' dir='ltr'>veterem,</span> <span class='ocrx_word' id='word_1_132' title='bbox 338 1937 367 1994; x_wconf 93' lang='lat' dir='ltr'>in</span> <span class='ocrx_word' id='word_1_133' title='bbox 389 1935 458 1996; x_wconf 91' lang='lat' dir='ltr'>limo</span> <span class='ocrx_word' id='word_1_134' title='bbox 480 1953 570 1996; x_wconf 88' lang='lat' dir='ltr'>ranae</span> <span class='ocrx_word' id='word_1_135' title='bbox 592 1939 728 1998; x_wconf 87' lang='lat' dir='ltr'>cecinere</span> <span class='ocrx_word' id='word_1_136' title='bbox 751 1934 907 2015; x_wconf 89' lang='lat' dir='ltr'>querelam.</span> <span class='ocrx_word' id='word_1_137' title='bbox 934 1959 939 1970; x_wconf 91' lang='lat'>·</span> 
     </span>
     <span class='ocr_line' id='line_1_21' title="bbox 130 2021 837 2102; baseline 0 -20"><span class='ocrx_word' id='word_1_138' title='bbox 130 2023 254 2102; x_wconf 87' lang='lat' dir='ltr'>Saepius</span> <span class='ocrx_word' id='word_1_139' title='bbox 278 2030 307 2082; x_wconf 90' lang='lat' dir='ltr'>et</span> <span class='ocrx_word' id='word_1_140' title='bbox 325 2024 414 2090; x_wconf 88' lang='lat' dir='ltr'>tectis</span> <span class='ocrx_word' id='word_1_141' title='bbox 436 2021 635 2102; x_wconf 82' lang='lat' dir='ltr'>penetralibus</span> <span class='ocrx_word' id='word_1_142' title='bbox 659 2023 761 2084; x_wconf 86' lang='lat' dir='ltr'>extulit</span> <span class='ocrx_word' id='word_1_143' title='bbox 782 2041 837 2084; x_wconf 88' lang='lat' dir='ltr'>ovo</span> 
     </span>
     <span class='ocr_line' id='line_1_22' title="bbox 129 2106 926 2191; baseline -0.005 -19"><span class='ocrx_word' id='word_1_144' title='bbox 129 2106 433 2191; x_wconf 23' lang='lat' dir='ltr'>Angustum-&#39;formica</span> <span class='ocrx_word' id='word_1_145' title='bbox 455 2116 553 2169; x_wconf 85' lang='lat' dir='ltr'>terens</span> <span class='ocrx_word' id='word_1_146' title='bbox 576 2111 646 2184; x_wconf 82' lang='lat' dir='ltr'>iter3</span> <span class='ocrx_word' id='word_1_147' title='bbox 676 2119 705 2169; x_wconf 90' lang='lat' dir='ltr'>et</span> <span class='ocrx_word' id='word_1_148' title='bbox 727 2107 800 2170; x_wconf 90' lang='lat' dir='ltr'>bibit</span> <span class='ocrx_word' id='word_1_149' title='bbox 821 2111 926 2186; x_wconf 90' lang='lat' dir='ltr'>ingens</span> 
     </span>
     <span class='ocr_line' id='line_1_23' title="bbox 129 2194 868 2274; baseline 0 -18"><span class='ocrx_word' id='word_1_150' title='bbox 129 2195 234 2272; x_wconf 80' lang='lat' dir='ltr'>Arcus,</span> <span class='ocrx_word' id='word_1_151' title='bbox 257 2203 286 2256; x_wconf 92' lang='lat' dir='ltr'>et</span> <span class='ocrx_word' id='word_1_152' title='bbox 310 2211 326 2254; x_wconf 92' lang='lat' dir='ltr'>e</span> <span class='ocrx_word' id='word_1_153' title='bbox 348 2205 433 2274; x_wconf 88' lang='lat' dir='ltr'>pastu</span> <span class='ocrx_word' id='word_1_154' title='bbox 456 2194 602 2256; x_wconf 89' lang='lat' dir='ltr'>decedens</span> <span class='ocrx_word' id='word_1_155' title='bbox 625 2199 868 2274; x_wconf 57' lang='lat' dir='ltr'>agminevmagno</span> 
     </span>
     <span class='ocr_line' id='line_1_24' title="bbox 130 2280 961 2366; baseline -0.004 -23"><span class='ocrx_word' id='word_1_156' title='bbox 130 2280 293 2366; x_wconf 64' lang='lat' dir='ltr'>Corvovum⁸</span> <span class='ocrx_word' id='word_1_157' title='bbox 312 2283 457 2363; x_wconf 89' lang='lat' dir='ltr'>increpuit</span> <span class='ocrx_word' id='word_1_158' title='bbox 478 2281 577 2344; x_wconf 90' lang='lat' dir='ltr'>densis</span> <span class='ocrx_word' id='word_1_159' title='bbox 600 2284 746 2342; x_wconf 86' lang='lat' dir='ltr'>exercitus</span> <span class='ocrx_word' id='word_1_160' title='bbox 769 2281 834 2344; x_wconf 88' lang='lat' dir='ltr'>alis.</span> <span class='ocrx_word' id='word_1_161' title='bbox 957 2333 961 2340; x_wconf 92' lang='lat'><em>.</em></span> 
     </span>
     <span class='ocr_line' id='line_1_25' title="bbox 130 2361 972 2446; baseline 0.001 -19"><span class='ocrx_word' id='word_1_162' title='bbox 130 2367 188 2428; x_wconf 87' lang='lat' dir='ltr'>lam</span> <span class='ocrx_word' id='word_1_163' title='bbox 211 2370 310 2428; x_wconf 89' lang='lat' dir='ltr'>variae</span> <span class='ocrx_word' id='word_1_164' title='bbox 331 2367 430 2446; x_wconf 88' lang='lat' dir='ltr'>pelagi</span> <span class='ocrx_word' id='word_1_165' title='bbox 452 2361 597 2445; x_wconf 89' lang='lat' dir='ltr'>volucres,</span> <span class='ocrx_word' id='word_1_166' title='bbox 621 2379 651 2430; x_wconf 89' lang='lat' dir='ltr'>et</span> <span class='ocrx_word' id='word_1_167' title='bbox 673 2385 748 2446; x_wconf 83' lang='lat' dir='ltr'>quae</span> <span class='ocrx_word' id='word_1_168' title='bbox 769 2369 842 2428; x_wconf 84' lang='lat' dir='ltr'>Asia</span> <span class='ocrx_word' id='word_1_169' title='bbox 865 2369 972 2440; x_wconf 82' lang='lat' dir='ltr'>circum</span> 
     </span>
     <span class='ocr_line' id='line_1_26' title="bbox 129 2452 943 2534; baseline 0.002 -22"><span class='ocrx_word' id='word_1_170' title='bbox 129 2453 268 2514; x_wconf 91' lang='lat' dir='ltr'>Dulcibus</span> <span class='ocrx_word' id='word_1_171' title='bbox 291 2456 320 2513; x_wconf 93' lang='lat' dir='ltr'>in</span> <span class='ocrx_word' id='word_1_172' title='bbox 344 2454 456 2534; x_wconf 77' lang='lat' dir='ltr'>stagnis</span> <span class='ocrx_word' id='word_1_173' title='bbox 478 2455 721 2534; x_wconf 87' lang='lat' dir='ltr'>rimanturprata</span> <span class='ocrx_word' id='word_1_174' title='bbox 744 2452 868 2530; x_wconf 74' lang='lat' dir='ltr'>Caystri,</span> <span class='ocrx_word' id='word_1_175' title='bbox 941 2515 943 2523; x_wconf 13' lang='grc' dir='ltr'>χ</span> 
     </span>
     <span class='ocr_line' id='line_1_27' title="bbox 130 2537 826 2618; baseline 0.001 -19"><span class='ocrx_word' id='word_1_176' title='bbox 130 2537 267 2599; x_wconf 82' lang='lat' dir='ltr'>Certatim</span> <span class='ocrx_word' id='word_1_177' title='bbox 290 2538 389 2618; x_wconf 89' lang='lat' dir='ltr'>largos</span> <span class='ocrx_word' id='word_1_178' title='bbox 412 2541 538 2602; x_wconf 85' lang='lat' dir='ltr'>humeris</span> <span class='ocrx_word' id='word_1_179' title='bbox 560 2539 711 2602; x_wconf 84' lang='lat' dir='ltr'>infundere</span> <span class='ocrx_word' id='word_1_180' title='bbox 732 2558 826 2616; x_wconf 89' lang='lat' dir='ltr'>rores,</span> 
     </span>
    </p>

    <p class='ocr_par' dir='ltr' id='par_1_6' title="bbox 24 2623 1092 2790">
     <span class='ocr_line' id='line_1_28' title="bbox 24 2623 1092 2708; baseline 0.001 -23"><span class='ocrx_word' id='word_1_181' title='bbox 24 2643 27 2657; x_wconf 68' lang='lat'><strong>⁴</strong></span> <span class='ocrx_word' id='word_1_182' title='bbox 129 2623 212 2685; x_wconf 90' lang='lat' dir='ltr'>Nunc</span> <span class='ocrx_word' id='word_1_183' title='bbox 235 2634 321 2702; x_wconf 89' lang='lat' dir='ltr'>eaput</span> <span class='ocrx_word' id='word_1_184' title='bbox 343 2625 492 2706; x_wconf 87' lang='lat' dir='ltr'>obiectare</span> <span class='ocrx_word' id='word_1_185' title='bbox 514 2627 606 2703; x_wconf 83' lang='lat' dir='ltr'>fretis,</span> <span class='ocrx_word' id='word_1_186' title='bbox 629 2644 845 2708; x_wconf 24' lang='lat' dir='ltr'>nunc&#39;eurrere</span> <span class='ocrx_word' id='word_1_187' title='bbox 866 2627 896 2686; x_wconf 90' lang='lat' dir='ltr'>in</span> <span class='ocrx_word' id='word_1_188' title='bbox 917 2625 1020 2704; x_wconf 86' lang='lat' dir='ltr'>undas,</span> <span class='ocrx_word' id='word_1_189' title='bbox 1090 2635 1092 2648; x_wconf 85' lang='lat'>&#39;</span> 
     </span>
     <span class='ocr_line' id='line_1_29' title="bbox 129 2709 856 2790; baseline 0 -18"><span class='ocrx_word' id='word_1_190' title='bbox 129 2709 166 2772; x_wconf 84' lang='lat' dir='ltr'>Et</span> <span class='ocrx_word' id='word_1_191' title='bbox 189 2709 282 2772; x_wconf 87' lang='lat' dir='ltr'>studio</span> <span class='ocrx_word' id='word_1_192' title='bbox 305 2711 452 2774; x_wconf 88' lang='lat' dir='ltr'>incassum</span> <span class='ocrx_word' id='word_1_193' title='bbox 474 2714 576 2776; x_wconf 87' lang='lat' dir='ltr'>videas</span> <span class='ocrx_word' id='word_1_194' title='bbox 599 2715 710 2790; x_wconf 80' lang='lat' dir='ltr'>gestire</span> <span class='ocrx_word' id='word_1_195' title='bbox 730 2711 856 2774; x_wconf 89' lang='lat' dir='ltr'>lavandi.</span> 
     </span>
    </p>

    <p class='ocr_par' dir='ltr' id='par_1_7' title="bbox 20 2795 938 2879">
     <span class='ocr_line' id='line_1_30' title="bbox 20 2795 938 2879; baseline 0 -21"><span class='ocrx_word' id='word_1_196' title='bbox 20 2813 23 2818; x_wconf 87' lang='lat'>·</span> <span class='ocrx_word' id='word_1_197' title='bbox 128 2797 199 2858; x_wconf 86' lang='lat' dir='ltr'>&#39;lum</span> <span class='ocrx_word' id='word_1_198' title='bbox 223 2798 324 2864; x_wconf 82' lang='lat' dir='ltr'>uornix</span> <span class='ocrx_word' id='word_1_199' title='bbox 345 2795 432 2876; x_wconf 89' lang='lat' dir='ltr'>plena</span> <span class='ocrx_word' id='word_1_200' title='bbox 453 2797 579 2879; x_wconf 90' lang='lat' dir='ltr'>pluviam</span> <span class='ocrx_word' id='word_1_201' title='bbox 601 2809 688 2860; x_wconf 87' lang='lat' dir='ltr'>vocat</span> <span class='ocrx_word' id='word_1_202' title='bbox 709 2799 842 2877; x_wconf 78' lang='lat' dir='ltr'>improba</span> <span class='ocrx_word' id='word_1_203' title='bbox 863 2815 938 2859; x_wconf 89' lang='lat' dir='ltr'>voce</span> 
     </span>
    </p>
   </div>
   <div class='ocr_carea' id='block_1_3' title="bbox 127 2963 1205 3326">
    <p class='ocr_par' dir='ltr' id='par_1_8' title="bbox 127 2963 1205 3326">
     <span class='ocr_line' id='line_1_31' title="bbox 128 2963 1159 3086; baseline 0.005 -68"><span class='ocrx_word' id='word_1_204' title='bbox 128 2963 213 3029; x_wconf 72' lang='lat' dir='ltr'>tibet</span> <span class='ocrx_word' id='word_1_205' title='bbox 249 2963 471 3086; x_wconf 47' lang='lat' dir='ltr'>„diducitunp‘p</span> <span class='ocrx_word' id='word_1_206' title='bbox 497 2995 533 3012; x_wconf 83' lang='lat'>-</span> <span class='ocrx_word' id='word_1_207' title='bbox 566 2963 630 3020; x_wconf 77' lang='grc'><strong>360.</strong></span> <span class='ocrx_word' id='word_1_208' title='bbox 661 2970 700 3022; x_wconf 75' lang='lat' dir='ltr'>itta</span> <span class='ocrx_word' id='word_1_209' title='bbox 731 2965 797 3022; x_wconf 84' lang='lat' dir='ltr'>niu</span> <span class='ocrx_word' id='word_1_210' title='bbox 820 2968 865 3022; x_wconf 83' lang='lat' dir='ltr'>tot</span> <span class='ocrx_word' id='word_1_211' title='bbox 889 2967 964 3034; x_wconf 71' lang='lat' dir='ltr'>tisim</span> <span class='ocrx_word' id='word_1_212' title='bbox 981 2965 1107 3035; x_wconf 64' lang='lat' dir='ltr'>zittert]</span> <span class='ocrx_word' id='word_1_213' title='bbox 1125 2995 1159 3006; x_wconf 93' lang='grc'><strong>-</strong></span> 
     </span>
     <span class='ocr_line' id='line_1_32' title="bbox 128 3033 1159 3104; baseline 0.006 -20"><span class='ocrx_word' id='word_1_214' title='bbox 128 3033 193 3085; x_wconf 88' lang='lat' dir='ltr'>male</span> <span class='ocrx_word' id='word_1_215' title='bbox 216 3055 247 3081; x_wconf 93' lang='lat'>=</span> <span class='ocrx_word' id='word_1_216' title='bbox 270 3037 324 3101; x_wconf 79' lang='lat' dir='ltr'>vix]</span> <span class='ocrx_word' id='word_1_217' title='bbox 352 3063 387 3075; x_wconf 93' lang='lat'>—</span> <span class='ocrx_word' id='word_1_218' title='bbox 437 3035 480 3088; x_wconf 82' lang='lat'>7.</span> <span class='ocrx_word' id='word_1_219' title='bbox 508 3036 571 3104; x_wconf 81' lang='lat' dir='ltr'>legit</span> <span class='ocrx_word' id='word_1_220' title='bbox 594 3059 624 3084; x_wconf 87' lang='lat'>=</span> <span class='ocrx_word' id='word_1_221' title='bbox 661 3034 694 3090; x_wconf 83' lang='lat'>37</span> <span class='ocrx_word' id='word_1_222' title='bbox 743 3045 858 3090; x_wconf 88' lang='lat' dir='ltr'>veterem</span> <span class='ocrx_word' id='word_1_223' title='bbox 880 3036 1023 3104; x_wconf 85' lang='lat' dir='ltr'>querelam,</span> <span class='ocrx_word' id='word_1_224' title='bbox 1050 3037 1089 3092; x_wconf 79' lang='lat' dir='ltr'>bit</span> <span class='ocrx_word' id='word_1_225' title='bbox 1109 3039 1159 3090; x_wconf 83' lang='lat' dir='ltr'>oltt</span> 
     </span>
     <span class='ocr_line' id='line_1_33' title="bbox 127 3101 1157 3173; baseline 0.008 -21"><span class='ocrx_word' id='word_1_226' title='bbox 127 3101 242 3169; x_wconf 75' lang='lat' dir='ltr'>colligit,</span> <span class='ocrx_word' id='word_1_227' title='bbox 260 3103 324 3170; x_wconf 64' lang='lat' dir='ltr'>glutit</span> <span class='ocrx_word' id='word_1_228' title='bbox 343 3104 392 3170; x_wconf 82' lang='lat' dir='ltr'>eiu]</span> <span class='ocrx_word' id='word_1_229' title='bbox 411 3131 446 3143; x_wconf 91' lang='lat'><em>-</em></span> <span class='ocrx_word' id='word_1_230' title='bbox 463 3101 523 3158; x_wconf 70' lang='lat'>³75.</span> <span class='ocrx_word' id='word_1_231' title='bbox 540 3105 626 3158; x_wconf 77' lang='lat' dir='ltr'>aenae</span> <span class='ocrx_word' id='word_1_232' title='bbox 659 3107 741 3172; x_wconf 61' lang='lat' dir='ltr'>atuor</span> <span class='ocrx_word' id='word_1_233' title='bbox 768 3117 805 3158; x_wconf 81' lang='lat' dir='ltr'>tce</span> <span class='ocrx_word' id='word_1_234' title='bbox 824 3119 853 3160; x_wconf 79' lang='lat' dir='ltr'>ot</span> <span class='ocrx_word' id='word_1_235' title='bbox 876 3105 944 3173; x_wconf 73' lang='lat' dir='ltr'>ittet</span> <span class='ocrx_word' id='word_1_236' title='bbox 967 3106 1157 3172; x_wconf 65' lang='lat' dir='ltr'>beamonttaoo</span> 
     </span>
     <span class='ocr_line' id='line_1_34' title="bbox 127 3119 1205 3244; baseline 0.006 -24"><span class='ocrx_word' id='word_1_237' title='bbox 127 3177 176 3221; x_wconf 83' lang='lat' dir='ltr'>ate.</span> <span class='ocrx_word' id='word_1_238' title='bbox 199 3171 236 3224; x_wconf 83' lang='lat' dir='ltr'>tir</span> <span class='ocrx_word' id='word_1_239' title='bbox 259 3171 323 3236; x_wconf 79' lang='lat' dir='ltr'>ioell</span> <span class='ocrx_word' id='word_1_240' title='bbox 345 3171 538 3242; x_wconf 64' lang='lat' dir='ltr'>stomacacen</span> <span class='ocrx_word' id='word_1_241' title='bbox 558 3175 625 3226; x_wconf 72' lang='lat' dir='ltr'>stam</span> <span class='ocrx_word' id='word_1_242' title='bbox 660 3179 709 3226; x_wconf 81' lang='lat' dir='ltr'>oue</span> <span class='ocrx_word' id='word_1_243' title='bbox 721 3119 852 3239; x_wconf 58' lang='lat' dir='ltr'>altenigm</span> <span class='ocrx_word' id='word_1_244' title='bbox 870 3173 896 3228; x_wconf 81' lang='lat' dir='ltr'>in</span> <span class='ocrx_word' id='word_1_245' title='bbox 914 3175 1022 3244; x_wconf 54' lang='lat' dir='ltr'>&amp;adime</span> <span class='ocrx_word' id='word_1_246' title='bbox 1041 3180 1091 3244; x_wconf 73' lang='lat' dir='ltr'>cot</span> <span class='ocrx_word' id='word_1_247' title='bbox 1110 3173 1156 3227; x_wconf 86' lang='lat' dir='ltr'>Ov.</span> <span class='ocrx_word' id='word_1_248' title='bbox 1198 3187 1205 3202; x_wconf 55' lang='lat' dir='ltr'>v</span> 
     </span>
     <span class='ocr_line' id='line_1_35' title="bbox 127 3219 1205 3326; baseline 0.004 -34"><span class='ocrx_word' id='word_1_249' title='bbox 127 3235 193 3302; x_wconf 71' lang='lat' dir='ltr'>niba</span> <span class='ocrx_word' id='word_1_250' title='bbox 223 3239 319 3294; x_wconf 76' lang='lat' dir='ltr'>moltam</span> <span class='ocrx_word' id='word_1_251' title='bbox 346 3241 391 3316; x_wconf 73' lang='lat' dir='ltr'>teo</span> <span class='ocrx_word' id='word_1_252' title='bbox 419 3240 624 3309; x_wconf 64' lang='lat' dir='ltr'>uetustissima</span> <span class='ocrx_word' id='word_1_253' title='bbox 658 3240 718 3294; x_wconf 81' lang='lat' dir='ltr'>ldet</span> <span class='ocrx_word' id='word_1_254' title='bbox 734 3239 923 3312; x_wconf 61' lang='lat' dir='ltr'>{ibn-381]</span> <span class='ocrx_word' id='word_1_255' title='bbox 941 3241 1055 3326; x_wconf 44' lang='lat'>53⁸²·</span> <span class='ocrx_word' id='word_1_256' title='bbox 1072 3247 1155 3298; x_wconf 85' lang='lat' dir='ltr'>incre-</span> <span class='ocrx_word' id='word_1_257' title='bbox 1204 3219 1205 3288; x_wconf 73' lang='lat' dir='ltr'>l</span> 
     </span>
    </p>
   </div>
   <div class='ocr_carea' id='block_1_4' title="bbox 0 0 1218 3634">
    <p class='ocr_par' dir='ltr' id='par_1_9' title="bbox 0 0 1218 3634">
     <span class='ocr_line' id='line_1_36' title="bbox 0 0 1218 3634; baseline 0 1"><span class='ocrx_word' id='word_1_258' title='bbox 0 0 1218 3634; x_wconf 95' lang='lat' dir='ltr'> </span> 
     </span>
    </p>
   </div>
  </div>
 </body>
</html>
