2428 3634
179 280 188 288 ,
239 234 252 257 =
334 221 457 286 capas
473 221 630 280 annana
649 239 674 276 v.
692 194 872 281 anu-‚are¹
1062 207 1109 280 w

59 383 115 452 ,At
131 347 280 461 nem'qna
303 381 444 460 Septbiae
463 391 569 461 gentes
590 381 882 461 ermemmarus
1000 443 1003 450 .
1062 418 1065 427 =

69 468 214 530 Turbidus
237 477 267 528 et
287 477 427 549 torquens
450 468 589 538 flaventes
612 469 711 530 Hister
733 486 849 545 arenas,
916 524 919 532 .
1052 481 1116 547 etto¹
1195 465 1199 472 ’

14 547 17 560 '
70 555 196 634 Quaque
217 553 292 616 redit
313 555 437 618 medium
460 555 605 636 Rhodope
625 564 762 635 porrecta
784 555 838 616 sub
861 572 972 619 exem·

67 641 134 702 Illic
157 641 256 702 clause
278 651 379 702 teuent
401 641 523 712 stabulis
545 652 686 718 armentu,
708 659 805 720 neque
826 641 904 707 ullae

66 729 129 790 Aut
150 727 259 788 herbae
282 729 385 808 canipe
409 737 551 810 apparent
573 738 622 789 aut
644 717 750 792 arbore
772 728 908 804 bandesp

68 814 131 879 Sed
153 816 230 875 iacet
251 815 410 892 aggeribus
428 817 525 878 niveis
548 813 680 876 iniermis
704 825 733 878 et
755 815 814 878 alta

68 901 159 964 Terra
182 900 251 979 gelu
272 901 341 979 late,
364 912 538 983 septemque
559 904 689 980 assurgit
710 904 740 964 in
762 902 856 964 ulnas.
1056 914 1108 971 sss

70 989 198 1068 Semper
218 986 322 1065 biems,
345 1007 463 1068 semper
484 990 630 1068 spirantes
653 987 764 1066 frigora
787 988 885 1054 Gauri.

70 1073 143 1136 Tum
167 1072 212 1134 sal
234 1073 378 1154 pallentes
400 1075 477 1139 baud
499 1074 922 1153 umquemdiscutitumbras,
1046 1139 1049 1148 ,

68 1159 135 1223 Nec
158 1178 222 1220 cum
244 1163 377 1228 invectus
400 1163 484 1240 equis
507 1160 594 1222 cltum
616 1162 690 1240 petit
712 1161 840 1238 aethera,
863 1180 920 1226 nec
941 1179 1006 1226 cum
1031 1195 1033 1202 ·

68 1247 406 1328 Praecipitem‘Oceani
423 1247 511 1308 rubro
533 1247 755 1326 levitaequcre
777 1261 901 1312 carrum.
970 1327 974 1332 ἱ

69 1333 274 1396 Concrescunt
296 1327 410 1397 subitae
432 1335 559 1394 currenti
580 1335 610 1394 in
633 1333 749 1394 tlnmiue
772 1343 898 1410 erasme,
965 1391 967 1396 .
1056 1345 1110 1404 aba

69 1415 213 1499 Uudeque
235 1423 292 1482 ianr
314 1429 399 1498 terge
422 1420 548 1482 ferretus
571 1421 695 1482 sustinet
716 1420 815 1497 urbes,

69 1505 220 1586 Puppibus
242 1507 292 1568 illa
314 1508 405 1586 prius,
429 1505 536 1588 petulis
558 1523 636 1570 nunc
657 1505 948 1588 bospita.plaustris;

68 1594 209 1672 Aeraque
231 1593 377 1656 dissiliunt
397 1593 496 1672 vulgo,
519 1602 677 1671 vestesque
699 1596 850 1674 rigescunt

68 1676 409 1760 Indutae‚·eseduntqne
431 1678 583 1741 securibus
605 1679 721 1742 humida
743 1683 821 1758 vina,
908 1721 912 1728 -

68 1767 110 1830 Et
131 1775 213 1828 totae
235 1766 357 1831 saliuam
381 1770 410 1828 in
433 1767 560 1846 glaciem
581 1775 698 1828 vertere
720 1767 842 1836 lacunae
1058 1779 1110 1836 365

69 1855 220 1932 stiriaque
239 1855 366 1934 'impexis
388 1854 515 1916 induruit
535 1853 653 1916 borrida
674 1853 785 1918 barbis.

68 1941 187 2022 Interea
208 1949 271 2018 tcto
294 1957 353 2002 nan
376 1944 473 2004 secius
496 1948 566 2002 aitre
587 1943 714 2019 ningait:

68 2027 220 2089 Intereunt
241 2027 381 2107 pecudes,
404 2037 482 2090 stant
505 2025 679 2098 circumfusa
700 2031 812 2110 pruinis

70 2112 208 2193 Corpora
229 2131 335 2190 magna
356 2112 454 2188 heum,
478 2112 671 2190 confertoque
693 2117 810 2190 agmine
832 2117 931 2176 cerui.
981 2157 986 2168 ·
1108 2144 1112 2156 ·

69 2200 203 2280 Torpent
224 2199 301 2262 nacle
323 2216 407 2261 nove·
422 2207 452 2258 et
474 2200 593 2260 summis
615 2199 665 2258 vix
686 2197 824 2260 carnibus
847 2209 972 2262 exutam.
1060 2211 1112 2267 ara

71 2285 136 2348 Hos
158 2304 218 2348 non
240 2287 379 2350 immissis
402 2283 533 2362 canibus,
556 2303 615 2348 non
638 2283 771 2346 cassibus
794 2283 861 2346 ullis

71 2373 256 2435 Punieesese
279 2375 390 2450 agitant
412 2371 535 2452 pusidos
557 2370 712 2432 formidine
737 2373 860 2451 pinnee3

73 2459 136 2522 Sed
157 2459 265 2522 frustra
287 2461 454 2539 oppositum
475 2457 636 2520 trudentes
648 2466 771 2536 pectere
792 2467 919 2523 mantem

73 2545 244 2618 Comminus
267 2545 441 2609 obtruncant
462 2545 551 2621 ferro,
573 2546 761 2624 graviterque
782 2543 920 2608 rudentes

74 2632 217 2709 Caedunt,
240 2643 270 2694 et
290 2649 397 2710 magna
419 2632 489 2694 laeti
512 2631 640 2693 clamore
661 2639 821 2710 reportant.
1061 2641 1113 2698 875
1177 2641 1181 2651 ·

73 2719 136 2801 Ipsi
159 2721 188 2778 in
211 2718 339 2781 defossis
362 2719 509 2799 specubus
531 2736 635 2778 secure
658 2716 712 2778 sub
739 2715 797 2778 alta
861 2717 873 2804 J

75 2805 145 2868 Otia
168 2815 257 2886 agunt
279 2811 366 2882 terra,
390 2813 592 2884 congestaque
613 2802 721 2864 robora
743 2812 879 2885 totasque

73 2892 242 2956 Advelvere
264 2891 340 2954 iocis
363 2891 458 2952 ulmos
480 2891 600 2969 ignique
622 2888 740 2951 dedere.

75 2981 133 3042 iiic
154 2979 271 3041 nectem
294 2977 362 3040 ludo
385 2977 502 3055 ducunt,
525 2987 556 3038 ct
576 2975 683 3056 poeula
705 2976 774 3042 laeti

75 3117 156 3183 tunt)]
174 3143 209 3156 ·-
226 3111 286 3168 351.
305 3113 353 3166 sub
371 3112 577 3174 medium'nxeru,
607 3112 656 3164 niu
674 3113 786 3180 assurgit
802 3112 829 3162 in
842 3128 862 3162 s.
876 3073 913 3177 u]
932 3139 966 3150 —-
984 3109 1042 3164 367.
1060 3127 1113 3166 nort
1185 3095 1191 3114 ⁸

76 3189 100 3238 e.
124 3184 141 3238 i.
174 3185 263 3251 getacc
295 3196 372 3250 aegea
399 3181 524 3248 tinctus]=
542 3210 577 3220 -
612 3181 708 3244 secius,
726 3181 804 3235 adrat.
823 3178 887 3245 uidit
900 3180 1056 3248 petraeum
1071 3183 1114 3236 bac
1172 3219 1174 3226 ,

77 3253 137 3308 355.
156 3254 275 3322 assurgit,
297 3265 348 3341 eug.
366 3252 437 3315 nive,
454 3249 524 3317 cidit.
545 3273 575 3300 =
614 3251 712 3316 &ciacc
744 3251 783 3304 cte
816 3251 860 3306 tet
886 3248 968 3319 ῧτοιὶ]
992 3279 1026 3290 -
1052 3247 1113 3304 dii.
