<?xml version="1.0" encoding="UTF-8"?>
<!DOCTYPE html PUBLIC "-//W3C//DTD XHTML 1.0 Transitional//EN"
    "http://www.w3.org/TR/xhtml1/DTD/xhtml1-transitional.dtd">
<html xmlns="http://www.w3.org/1999/xhtml" xml:lang="en" lang="en">
 <head>
  <title>
</title>
<meta http-equiv="Content-Type" content="text/html;charset=utf-8" />
  <meta name='ocr-system' content='tesseract 3.04.00' />
  <meta name='ocr-capabilities' content='ocr_page ocr_carea ocr_par ocr_line ocrx_word'/>
</head>
<body>
  <div class='ocr_page' id='page_1' title='image "./pvirgiliimaroni16virggoog_0393.png"; bbox 0 0 2428 3634; ppageno 0'>
   <div class='ocr_carea' id='block_1_1' title="bbox 453 251 1068 334">
    <p class='ocr_par' dir='ltr' id='par_1_1' title="bbox 453 251 1068 334">
     <span class='ocr_line' id='line_1_1' title="bbox 453 251 1068 334; baseline -0.013 -12"><span class='ocrx_word' id='word_1_1' title='bbox 453 268 638 329; x_wconf 75' lang='lat' dir='ltr'><strong>ECLOGAV.</strong></span> <span class='ocrx_word' id='word_1_2' title='bbox 712 305 722 334; x_wconf 58' lang='lat' dir='ltr'>s</span> <span class='ocrx_word' id='word_1_3' title='bbox 815 310 821 322; x_wconf 76' lang='lat'><strong>.</strong></span> <span class='ocrx_word' id='word_1_4' title='bbox 1029 251 1068 316; x_wconf 86' lang='grc'>17</span> 
     </span>
    </p>
   </div>
   <div class='ocr_carea' id='block_1_2' title="bbox 14 385 1112 2758">
    <p class='ocr_par' dir='ltr' id='par_1_2' title="bbox 14 385 1112 2238">
     <span class='ocr_line' id='line_1_2' title="bbox 41 385 671 508; baseline 0.002 -19"><span class='ocrx_word' id='word_1_5' title='bbox 41 427 101 490; x_wconf 86' lang='lat' dir='ltr'>Neu</span> <span class='ocrx_word' id='word_1_6' title='bbox 122 429 171 490; x_wconf 87' lang='lat' dir='ltr'>uili</span> <span class='ocrx_word' id='word_1_7' title='bbox 214 385 295 494; x_wconf 86' lang='lat' dir='ltr'>astos</span> <span class='ocrx_word' id='word_1_8' title='bbox 319 428 376 492; x_wconf 91' lang='lat' dir='ltr'>iilis</span> <span class='ocrx_word' id='word_1_9' title='bbox 399 447 490 508; x_wconf 89' lang='lat' dir='ltr'>egere</span> <span class='ocrx_word' id='word_1_10' title='bbox 513 428 615 497; x_wconf 88' lang='lat' dir='ltr'>diebus</span> <span class='ocrx_word' id='word_1_11' title='bbox 668 439 671 447; x_wconf 87' lang='lat'>&#39;</span> 
     </span>
     <span class='ocr_line' id='line_1_3' title="bbox 41 448 1066 619; baseline 0.002 -43"><span class='ocrx_word' id='word_1_12' title='bbox 41 517 160 594; x_wconf 65' lang='lat' dir='ltr'>Frigida</span> <span class='ocrx_word' id='word_1_13' title='bbox 183 448 309 596; x_wconf 77' lang='lat' dir='ltr'>Daphni,</span> <span class='ocrx_word' id='word_1_14' title='bbox 332 516 424 577; x_wconf 87' lang='lat' dir='ltr'>boves</span> <span class='ocrx_word' id='word_1_15' title='bbox 448 516 484 577; x_wconf 87' lang='lat' dir='ltr'>ad</span> <span class='ocrx_word' id='word_1_16' title='bbox 505 505 637 619; x_wconf 54' lang='lat' dir='ltr'>hunniam</span> <span class='ocrx_word' id='word_1_17' title='bbox 665 513 741 575; x_wconf 86' lang='lat' dir='ltr'>nuile</span> <span class='ocrx_word' id='word_1_18' title='bbox 765 532 801 574; x_wconf 87' lang='lat' dir='ltr'>ne</span> <span class='ocrx_word' id='word_1_19' title='bbox 787 532 861 594; x_wconf 82' lang='lat' dir='ltr'>que</span> <span class='ocrx_word' id='word_1_20' title='bbox 884 510 995 574; x_wconf 79' lang='lat' dir='ltr'>manem</span> <span class='ocrx_word' id='word_1_21' title='bbox 1032 526 1066 578; x_wconf 74' lang='lat'>25</span> 
     </span>
     <span class='ocr_line' id='line_1_4' title="bbox 40 601 849 684; baseline -0.001 -23"><span class='ocrx_word' id='word_1_22' title='bbox 40 603 145 664; x_wconf 86' lang='lat' dir='ltr'>Libavit</span> <span class='ocrx_word' id='word_1_23' title='bbox 167 603 342 682; x_wconf 81' lang='lat' dir='ltr'>quadrupes,</span> <span class='ocrx_word' id='word_1_24' title='bbox 365 619 420 662; x_wconf 88' lang='lat' dir='ltr'>nee</span> <span class='ocrx_word' id='word_1_25' title='bbox 441 605 581 684; x_wconf 86' lang='lat' dir='ltr'>graminis</span> <span class='ocrx_word' id='word_1_26' title='bbox 603 604 698 681; x_wconf 88' lang='lat' dir='ltr'>attigit</span> <span class='ocrx_word' id='word_1_27' title='bbox 720 601 849 662; x_wconf 81' lang='lat' dir='ltr'><strong>herbam.</strong></span> 
     </span>
     <span class='ocr_line' id='line_1_5' title="bbox 14 686 932 770; baseline -0.007 -17"><span class='ocrx_word' id='word_1_28' title='bbox 14 751 17 762; x_wconf 73' lang='grc'><em>,</em></span> <span class='ocrx_word' id='word_1_29' title='bbox 40 689 158 769; x_wconf 81' lang='lat' dir='ltr'>Daphni,</span> <span class='ocrx_word' id='word_1_30' title='bbox 181 699 259 750; x_wconf 88' lang='lat' dir='ltr'>tuum</span> <span class='ocrx_word' id='word_1_31' title='bbox 282 689 398 750; x_wconf 88' lang='lat' dir='ltr'>Poenos</span> <span class='ocrx_word' id='word_1_32' title='bbox 421 691 507 750; x_wconf 84' lang='lat' dir='ltr'>eiiam</span> <span class='ocrx_word' id='word_1_33' title='bbox 530 692 708 768; x_wconf 84' lang='lat' dir='ltr'>ingemuisse</span> <span class='ocrx_word' id='word_1_34' title='bbox 730 686 833 749; x_wconf 87' lang='lat' dir='ltr'>leones</span> <span class='ocrx_word' id='word_1_35' title='bbox 928 764 932 770; x_wconf 22' lang='grc'>1</span> 
     </span>
     <span class='ocr_line' id='line_1_6' title="bbox 29 773 849 855; baseline 0 -21"><span class='ocrx_word' id='word_1_36' title='bbox 29 774 189 852; x_wconf 79' lang='lat' dir='ltr'>interitum,</span> <span class='ocrx_word' id='word_1_37' title='bbox 213 785 385 854; x_wconf 87' lang='lat' dir='ltr'>montesque</span> <span class='ocrx_word' id='word_1_38' title='bbox 407 775 461 836; x_wconf 87' lang='lat' dir='ltr'>ieri</span> <span class='ocrx_word' id='word_1_39' title='bbox 485 773 635 855; x_wconf 87' lang='lat' dir='ltr'>silvaeque</span> <span class='ocrx_word' id='word_1_40' title='bbox 656 774 821 854; x_wconf 86' lang='lat' dir='ltr'>loquuntur.</span> <span class='ocrx_word' id='word_1_41' title='bbox 846 801 849 808; x_wconf 36' lang='lat' dir='ltr'>r</span> 
     </span>
     <span class='ocr_line' id='line_1_7' title="bbox 39 861 813 942; baseline -0.001 -21"><span class='ocrx_word' id='word_1_42' title='bbox 39 861 165 942; x_wconf 83' lang='lat' dir='ltr'>Daphnis</span> <span class='ocrx_word' id='word_1_43' title='bbox 188 872 217 926; x_wconf 88' lang='lat' dir='ltr'>et</span> <span class='ocrx_word' id='word_1_44' title='bbox 239 863 392 922; x_wconf 85' lang='lat' dir='ltr'>Armenias</span> <span class='ocrx_word' id='word_1_45' title='bbox 416 879 501 922; x_wconf 80' lang='lat' dir='ltr'>curru</span> <span class='ocrx_word' id='word_1_46' title='bbox 523 861 700 942; x_wconf 85' lang='lat' dir='ltr'>subiungere</span> <span class='ocrx_word' id='word_1_47' title='bbox 722 863 813 939; x_wconf 80' lang='lat' dir='ltr'>tigres</span> 
     </span>
     <span class='ocr_line' id='line_1_8' title="bbox 30 947 1067 1029; baseline 0.004 -23"><span class='ocrx_word' id='word_1_48' title='bbox 30 948 171 1026; x_wconf 79' lang='lat' dir='ltr'>destituit,</span> <span class='ocrx_word' id='word_1_49' title='bbox 191 949 322 1029; x_wconf 78' lang='lat' dir='ltr'>Daphnis</span> <span class='ocrx_word' id='word_1_50' title='bbox 344 947 456 1009; x_wconf 86' lang='lat' dir='ltr'>thiasos</span> <span class='ocrx_word' id='word_1_51' title='bbox 479 948 617 1008; x_wconf 85' lang='lat' dir='ltr'>indueere</span> <span class='ocrx_word' id='word_1_52' title='bbox 639 947 758 1024; x_wconf 75' lang='lat' dir='ltr'>Bacchi,</span> <span class='ocrx_word' id='word_1_53' title='bbox 1031 957 1067 1010; x_wconf 88' lang='grc'>00</span> 
     </span>
     <span class='ocr_line' id='line_1_9' title="bbox 38 1033 729 1096; baseline 0 -2"><span class='ocrx_word' id='word_1_54' title='bbox 38 1034 73 1094; x_wconf 85' lang='lat' dir='ltr'>Et</span> <span class='ocrx_word' id='word_1_55' title='bbox 93 1035 171 1096; x_wconf 81' lang='lat' dir='ltr'>indiis</span> <span class='ocrx_word' id='word_1_56' title='bbox 193 1035 288 1096; x_wconf 86' lang='lat' dir='ltr'>lentas</span> <span class='ocrx_word' id='word_1_57' title='bbox 310 1037 441 1096; x_wconf 80' lang='lat' dir='ltr'>interiere</span> <span class='ocrx_word' id='word_1_58' title='bbox 463 1034 597 1096; x_wconf 87' lang='lat' dir='ltr'>rnoilibus</span> <span class='ocrx_word' id='word_1_59' title='bbox 619 1033 729 1094; x_wconf 87' lang='lat' dir='ltr'>hastas.</span> 
     </span>
     <span class='ocr_line' id='line_1_10' title="bbox 37 1119 823 1198; baseline -0.001 -18"><span class='ocrx_word' id='word_1_60' title='bbox 37 1121 108 1182; x_wconf 86' lang='lat' dir='ltr'>Vitis</span> <span class='ocrx_word' id='word_1_61' title='bbox 129 1131 161 1182; x_wconf 91' lang='lat' dir='ltr'>ut</span> <span class='ocrx_word' id='word_1_62' title='bbox 184 1121 335 1183; x_wconf 81' lang='lat' dir='ltr'>arboribus</span> <span class='ocrx_word' id='word_1_63' title='bbox 359 1121 458 1182; x_wconf 80' lang='lat' dir='ltr'>decori</span> <span class='ocrx_word' id='word_1_64' title='bbox 481 1131 536 1198; x_wconf 86' lang='lat' dir='ltr'>est,</span> <span class='ocrx_word' id='word_1_65' title='bbox 559 1130 590 1181; x_wconf 92' lang='lat' dir='ltr'>ut</span> <span class='ocrx_word' id='word_1_66' title='bbox 611 1119 717 1180; x_wconf 90' lang='lat' dir='ltr'>vitibus</span> <span class='ocrx_word' id='word_1_67' title='bbox 740 1137 823 1196; x_wconf 86' lang='lat' dir='ltr'>uvae,</span> 
     </span>
     <span class='ocr_line' id='line_1_11' title="bbox 38 1205 825 1289; baseline -0.001 -22"><span class='ocrx_word' id='word_1_68' title='bbox 38 1207 72 1268; x_wconf 90' lang='lat' dir='ltr'>Ut</span> <span class='ocrx_word' id='word_1_69' title='bbox 92 1208 232 1286; x_wconf 85' lang='lat' dir='ltr'>gregibus</span> <span class='ocrx_word' id='word_1_70' title='bbox 253 1210 338 1284; x_wconf 88' lang='lat' dir='ltr'>tauri,</span> <span class='ocrx_word' id='word_1_71' title='bbox 362 1217 481 1287; x_wconf 80' lang='lat' dir='ltr'>segetes</span> <span class='ocrx_word' id='word_1_72' title='bbox 502 1217 533 1268; x_wconf 85' lang='lat' dir='ltr'>ut</span> <span class='ocrx_word' id='word_1_73' title='bbox 554 1205 710 1289; x_wconf 88' lang='lat' dir='ltr'>pinguibus</span> <span class='ocrx_word' id='word_1_74' title='bbox 733 1208 825 1266; x_wconf 83' lang='lat' dir='ltr'>aruis:</span> 
     </span>
     <span class='ocr_line' id='line_1_12' title="bbox 38 1291 931 1373; baseline 0.001 -19"><span class='ocrx_word' id='word_1_75' title='bbox 38 1294 76 1354; x_wconf 86' lang='grc' dir='ltr'>Τιι</span> <span class='ocrx_word' id='word_1_76' title='bbox 97 1295 187 1355; x_wconf 90' lang='lat' dir='ltr'>deeus</span> <span class='ocrx_word' id='word_1_77' title='bbox 211 1313 297 1356; x_wconf 86' lang='lat' dir='ltr'>omne</span> <span class='ocrx_word' id='word_1_78' title='bbox 318 1297 385 1355; x_wconf 88' lang='lat' dir='ltr'>tuis.</span> <span class='ocrx_word' id='word_1_79' title='bbox 420 1295 576 1373; x_wconf 87' lang='lat' dir='ltr'>Postquam</span> <span class='ocrx_word' id='word_1_80' title='bbox 598 1302 628 1353; x_wconf 91' lang='lat' dir='ltr'>te</span> <span class='ocrx_word' id='word_1_81' title='bbox 650 1291 709 1369; x_wconf 78' lang='lat' dir='ltr'>iata</span> <span class='ocrx_word' id='word_1_82' title='bbox 731 1292 866 1367; x_wconf 87' lang='lat' dir='ltr'>tulerunt,</span> <span class='ocrx_word' id='word_1_83' title='bbox 929 1339 931 1344; x_wconf 69' lang='lat'><strong>.</strong></span> 
     </span>
     <span class='ocr_line' id='line_1_13' title="bbox 37 1376 1067 1460; baseline 0.002 -21"><span class='ocrx_word' id='word_1_84' title='bbox 37 1380 98 1460; x_wconf 89' lang='lat' dir='ltr'>ipsa</span> <span class='ocrx_word' id='word_1_85' title='bbox 120 1381 206 1442; x_wconf 91' lang='lat' dir='ltr'>Pales</span> <span class='ocrx_word' id='word_1_86' title='bbox 230 1399 318 1459; x_wconf 84' lang='lat' dir='ltr'>agros</span> <span class='ocrx_word' id='word_1_87' title='bbox 341 1389 428 1460; x_wconf 88' lang='lat' dir='ltr'>atque</span> <span class='ocrx_word' id='word_1_88' title='bbox 450 1381 515 1460; x_wconf 88' lang='lat' dir='ltr'>ipse</span> <span class='ocrx_word' id='word_1_89' title='bbox 537 1379 655 1458; x_wconf 85' lang='lat' dir='ltr'>reliquit</span> <span class='ocrx_word' id='word_1_90' title='bbox 670 1376 789 1458; x_wconf 83' lang='lat' dir='ltr'><strong>Apollo.</strong></span> <span class='ocrx_word' id='word_1_91' title='bbox 953 1413 957 1418; x_wconf 93' lang='lat'><em>·</em></span> <span class='ocrx_word' id='word_1_92' title='bbox 1033 1391 1067 1443; x_wconf 76' lang='lat'>35</span> 
     </span>
     <span class='ocr_line' id='line_1_14' title="bbox 38 1462 1112 1546; baseline -0.004 -20"><span class='ocrx_word' id='word_1_93' title='bbox 38 1466 156 1528; x_wconf 87' lang='lat' dir='ltr'>Grandia</span> <span class='ocrx_word' id='word_1_94' title='bbox 179 1486 269 1546; x_wconf 91' lang='lat' dir='ltr'>saepe</span> <span class='ocrx_word' id='word_1_95' title='bbox 292 1467 396 1546; x_wconf 89' lang='lat' dir='ltr'>quibus</span> <span class='ocrx_word' id='word_1_96' title='bbox 418 1465 615 1526; x_wconf 87' lang='lat' dir='ltr'>mandarimus</span> <span class='ocrx_word' id='word_1_97' title='bbox 637 1462 747 1526; x_wconf 90' lang='lat' dir='ltr'>hordea</span> <span class='ocrx_word' id='word_1_98' title='bbox 770 1463 869 1539; x_wconf 87' lang='lat' dir='ltr'>sulcis,</span> <span class='ocrx_word' id='word_1_99' title='bbox 1110 1465 1112 1471; x_wconf 86' lang='lat'>&#39;</span> 
     </span>
     <span class='ocr_line' id='line_1_15' title="bbox 36 1551 777 1626; baseline -0.003 -14"><span class='ocrx_word' id='word_1_100' title='bbox 36 1553 135 1614; x_wconf 89' lang='lat' dir='ltr'>lnielix</span> <span class='ocrx_word' id='word_1_101' title='bbox 156 1553 257 1614; x_wconf 87' lang='lat' dir='ltr'>lolium</span> <span class='ocrx_word' id='word_1_102' title='bbox 281 1563 310 1614; x_wconf 89' lang='lat' dir='ltr'>et</span> <span class='ocrx_word' id='word_1_103' title='bbox 332 1551 448 1614; x_wconf 85' lang='lat' dir='ltr'>steriles</span> <span class='ocrx_word' id='word_1_104' title='bbox 471 1559 630 1613; x_wconf 87' lang='lat' dir='ltr'>naseuntur</span> <span class='ocrx_word' id='word_1_105' title='bbox 651 1568 777 1626; x_wconf 83' lang='lat' dir='ltr'>evenae3</span> 
     </span>
     <span class='ocr_line' id='line_1_16' title="bbox 36 1639 779 1720; baseline 0.005 -21"><span class='ocrx_word' id='word_1_106' title='bbox 36 1639 779 1720; x_wconf 43' lang='lat' dir='ltr'>mmmmwmmw</span> 
     </span>
     <span class='ocr_line' id='line_1_17' title="bbox 35 1725 726 1808; baseline -0.003 -20"><span class='ocrx_word' id='word_1_107' title='bbox 35 1726 163 1788; x_wconf 85' lang='lat' dir='ltr'>Garduus</span> <span class='ocrx_word' id='word_1_108' title='bbox 188 1737 217 1788; x_wconf 91' lang='lat' dir='ltr'>et</span> <span class='ocrx_word' id='word_1_109' title='bbox 231 1729 331 1808; x_wconf 58' lang='lat' dir='ltr'>,spinis</span> <span class='ocrx_word' id='word_1_110' title='bbox 354 1729 449 1804; x_wconf 78' lang='lat' dir='ltr'>surgit</span> <span class='ocrx_word' id='word_1_111' title='bbox 470 1725 599 1806; x_wconf 87' lang='lat' dir='ltr'>paliurus</span> <span class='ocrx_word' id='word_1_112' title='bbox 623 1726 726 1786; x_wconf 79' lang='lat' dir='ltr'>acutis.</span> 
     </span>
     <span class='ocr_line' id='line_1_18' title="bbox 35 1809 1074 1893; baseline 0.002 -21"><span class='ocrx_word' id='word_1_113' title='bbox 35 1814 169 1893; x_wconf 90' lang='lat' dir='ltr'>Spargite</span> <span class='ocrx_word' id='word_1_114' title='bbox 191 1812 305 1874; x_wconf 87' lang='lat' dir='ltr'>humum</span> <span class='ocrx_word' id='word_1_115' title='bbox 327 1811 425 1888; x_wconf 67' lang='lat' dir='ltr'>iuliis·</span> <span class='ocrx_word' id='word_1_116' title='bbox 439 1811 565 1873; x_wconf 86' lang='lat' dir='ltr'>iuduuite</span> <span class='ocrx_word' id='word_1_117' title='bbox 587 1809 716 1874; x_wconf 80' lang='lat' dir='ltr'>fontibus</span> <span class='ocrx_word' id='word_1_118' title='bbox 738 1811 864 1890; x_wconf 85' lang='lat' dir='ltr'>umbras,</span> <span class='ocrx_word' id='word_1_119' title='bbox 983 1835 985 1840; x_wconf 87' lang='lat'><em>·</em></span> <span class='ocrx_word' id='word_1_120' title='bbox 1031 1823 1074 1876; x_wconf 88' lang='grc'>40</span> 
     </span>
     <span class='ocr_line' id='line_1_19' title="bbox 34 1896 882 1979; baseline 0.004 -20"><span class='ocrx_word' id='word_1_121' title='bbox 34 1899 183 1975; x_wconf 87' lang='lat' dir='ltr'>Pastores:</span> <span class='ocrx_word' id='word_1_122' title='bbox 207 1899 323 1960; x_wconf 88' lang='lat' dir='ltr'>mandat</span> <span class='ocrx_word' id='word_1_123' title='bbox 345 1899 407 1959; x_wconf 89' lang='lat' dir='ltr'>iieri</span> <span class='ocrx_word' id='word_1_124' title='bbox 430 1897 486 1960; x_wconf 92' lang='lat' dir='ltr'>sibi</span> <span class='ocrx_word' id='word_1_125' title='bbox 508 1899 578 1960; x_wconf 88' lang='lat' dir='ltr'>talia</span> <span class='ocrx_word' id='word_1_126' title='bbox 599 1896 749 1979; x_wconf 79' lang='lat' dir='ltr'>Daphnis3</span> <span class='ocrx_word' id='word_1_127' title='bbox 878 1953 882 1962; x_wconf 93' lang='lat'><strong>.</strong></span> 
     </span>
     <span class='ocr_line' id='line_1_20' title="bbox 34 1983 1001 2066; baseline -0.002 -20"><span class='ocrx_word' id='word_1_128' title='bbox 34 1985 68 2046; x_wconf 86' lang='lat' dir='ltr'>Et</span> <span class='ocrx_word' id='word_1_129' title='bbox 89 1985 227 2047; x_wconf 87' lang='lat' dir='ltr'>tumulum</span> <span class='ocrx_word' id='word_1_130' title='bbox 243 1985 347 2066; x_wconf 80' lang='lat' dir='ltr'>facite,</span> <span class='ocrx_word' id='word_1_131' title='bbox 367 1994 402 2046; x_wconf 82' lang='lat' dir='ltr'>et</span> <span class='ocrx_word' id='word_1_132' title='bbox 416 1985 530 2046; x_wconf 87' lang='lat' dir='ltr'>tumulo</span> <span class='ocrx_word' id='word_1_133' title='bbox 553 1983 740 2066; x_wconf 78' lang='lat' dir='ltr'>superaddite</span> <span class='ocrx_word' id='word_1_134' title='bbox 762 2003 895 2046; x_wconf 79' lang='lat' dir='ltr'>carmen:</span> <span class='ocrx_word' id='word_1_135' title='bbox 997 2017 1001 2028; x_wconf 94' lang='lat'>·</span> 
     </span>
     <span class='ocr_line' id='line_1_21' title="bbox 34 2063 909 2153; baseline -0.001 -22"><span class='ocrx_word' id='word_1_136' title='bbox 34 2063 162 2153; x_wconf 88' lang='lat' dir='ltr'>Daphnis</span> <span class='ocrx_word' id='word_1_137' title='bbox 185 2090 242 2150; x_wconf 87' lang='lat' dir='ltr'>ego</span> <span class='ocrx_word' id='word_1_138' title='bbox 266 2075 295 2132; x_wconf 92' lang='lat' dir='ltr'>iu</span> <span class='ocrx_word' id='word_1_139' title='bbox 318 2071 409 2148; x_wconf 84' lang='lat' dir='ltr'>silvis,</span> <span class='ocrx_word' id='word_1_140' title='bbox 432 2071 500 2131; x_wconf 87' lang='lat' dir='ltr'>hinc</span> <span class='ocrx_word' id='word_1_141' title='bbox 522 2089 614 2151; x_wconf 88' lang='lat' dir='ltr'>usque</span> <span class='ocrx_word' id='word_1_142' title='bbox 637 2071 680 2132; x_wconf 85' lang='lat' dir='ltr'>ud·</span> <span class='ocrx_word' id='word_1_143' title='bbox 695 2069 791 2132; x_wconf 89' lang='lat' dir='ltr'>sidera</span> <span class='ocrx_word' id='word_1_144' title='bbox 813 2081 909 2147; x_wconf 87' lang='lat' dir='ltr'>notus,</span> 
     </span>
     <span class='ocr_line' id='line_1_22' title="bbox 34 2157 717 2250; baseline 0 -32"><span class='ocrx_word' id='word_1_145' title='bbox 34 2157 165 2220; x_wconf 77' lang='lat' dir='ltr'>Formasi</span> <span class='ocrx_word' id='word_1_146' title='bbox 188 2161 306 2238; x_wconf 85' lang='lat' dir='ltr'>peeoris</span> <span class='ocrx_word' id='word_1_147' title='bbox 330 2167 439 2250; x_wconf 84' lang='lat' dir='ltr'>eustos,</span> <span class='ocrx_word' id='word_1_148' title='bbox 463 2157 650 2218; x_wconf 85' lang='lat' dir='ltr'>formosior&#39;</span> <span class='ocrx_word' id='word_1_149' title='bbox 642 2171 717 2238; x_wconf 80' lang='lat' dir='ltr'>ipse.</span> 
     </span>
    </p>

    <p class='ocr_par' dir='ltr' id='par_1_3' title="bbox 30 2243 1068 2758">
     <span class='ocr_line' id='line_1_23' title="bbox 95 2243 1066 2324; baseline 0.002 -18"><span class='ocrx_word' id='word_1_150' title='bbox 95 2245 154 2306; x_wconf 84' lang='lat' dir='ltr'>ide.</span> <span class='ocrx_word' id='word_1_151' title='bbox 188 2243 257 2308; x_wconf 87' lang='lat' dir='ltr'>Tale</span> <span class='ocrx_word' id='word_1_152' title='bbox 280 2255 357 2306; x_wconf 83' lang='lat' dir='ltr'>tuum</span> <span class='ocrx_word' id='word_1_153' title='bbox 382 2261 497 2304; x_wconf 86' lang='lat' dir='ltr'>earmen</span> <span class='ocrx_word' id='word_1_154' title='bbox 520 2243 615 2319; x_wconf 89' lang='lat' dir='ltr'>nobis,</span> <span class='ocrx_word' id='word_1_155' title='bbox 639 2243 735 2305; x_wconf 85' lang='lat' dir='ltr'>divine</span> <span class='ocrx_word' id='word_1_156' title='bbox 757 2249 855 2324; x_wconf 78' lang='lat' dir='ltr'>potita,</span> <span class='ocrx_word' id='word_1_157' title='bbox 1033 2256 1066 2308; x_wconf 80' lang='grc'><em>45</em></span> 
     </span>
     <span class='ocr_line' id='line_1_24' title="bbox 34 2329 979 2411; baseline -0.008 -19"><span class='ocrx_word' id='word_1_158' title='bbox 34 2331 136 2406; x_wconf 55' lang='lat' dir='ltr'>Quale,</span> <span class='ocrx_word' id='word_1_159' title='bbox 150 2349 241 2411; x_wconf 89' lang='lat' dir='ltr'>sopor</span> <span class='ocrx_word' id='word_1_160' title='bbox 263 2331 351 2392; x_wconf 86' lang='lat' dir='ltr'>iessis</span> <span class='ocrx_word' id='word_1_161' title='bbox 375 2333 403 2391; x_wconf 93' lang='lat' dir='ltr'>in</span> <span class='ocrx_word' id='word_1_162' title='bbox 426 2332 566 2408; x_wconf 88' lang='lat' dir='ltr'>gramine,</span> <span class='ocrx_word' id='word_1_163' title='bbox 590 2329 677 2410; x_wconf 87' lang='lat' dir='ltr'>quale</span> <span class='ocrx_word' id='word_1_164' title='bbox 699 2347 753 2410; x_wconf 90' lang='lat' dir='ltr'>per</span> <span class='ocrx_word' id='word_1_165' title='bbox 775 2338 898 2390; x_wconf 83' lang='lat' dir='ltr'>aestum.</span> <span class='ocrx_word' id='word_1_166' title='bbox 978 2381 979 2384; x_wconf 74' lang='grc'>,</span> 
     </span>
     <span class='ocr_line' id='line_1_25' title="bbox 31 2417 816 2497; baseline -0.004 -19"><span class='ocrx_word' id='word_1_167' title='bbox 31 2417 133 2480; x_wconf 83' lang='lat' dir='ltr'>Dulcis</span> <span class='ocrx_word' id='word_1_168' title='bbox 156 2435 250 2497; x_wconf 84' lang='lat' dir='ltr'>aquae</span> <span class='ocrx_word' id='word_1_169' title='bbox 273 2417 396 2478; x_wconf 83' lang='lat' dir='ltr'>saliente</span> <span class='ocrx_word' id='word_1_170' title='bbox 419 2419 495 2478; x_wconf 88' lang='lat' dir='ltr'>sitim</span> <span class='ocrx_word' id='word_1_171' title='bbox 518 2417 701 2495; x_wconf 87' lang='lat' dir='ltr'>restinguere</span> <span class='ocrx_word' id='word_1_172' title='bbox 723 2418 816 2476; x_wconf 88' lang='lat' dir='ltr'>rivo.-</span> 
     </span>
     <span class='ocr_line' id='line_1_26' title="bbox 32 2503 935 2584; baseline -0.004 -19"><span class='ocrx_word' id='word_1_173' title='bbox 32 2503 94 2565; x_wconf 88' lang='lat' dir='ltr'>Nee</span> <span class='ocrx_word' id='word_1_174' title='bbox 116 2503 237 2564; x_wconf 85' lang='lat' dir='ltr'>calamis</span> <span class='ocrx_word' id='word_1_175' title='bbox 261 2503 354 2566; x_wconf 86' lang='lat' dir='ltr'>selum</span> <span class='ocrx_word' id='word_1_176' title='bbox 377 2506 561 2584; x_wconf 87' lang='lat' dir='ltr'>aequiparas,</span> <span class='ocrx_word' id='word_1_177' title='bbox 586 2503 638 2564; x_wconf 89' lang='lat' dir='ltr'>sed</span> <span class='ocrx_word' id='word_1_178' title='bbox 660 2520 734 2566; x_wconf 84' lang='lat' dir='ltr'>voce</span> <span class='ocrx_word' id='word_1_179' title='bbox 757 2505 935 2584; x_wconf 76' lang='lat' dir='ltr'>magistrum.</span> 
     </span>
     <span class='ocr_line' id='line_1_27' title="bbox 30 2588 838 2670; baseline -0.002 -18"><span class='ocrx_word' id='word_1_180' title='bbox 30 2591 188 2652; x_wconf 79' lang='lat' dir='ltr'>Fortunate</span> <span class='ocrx_word' id='word_1_181' title='bbox 210 2607 291 2670; x_wconf 91' lang='lat' dir='ltr'>puer,</span> <span class='ocrx_word' id='word_1_182' title='bbox 314 2599 345 2652; x_wconf 92' lang='lat' dir='ltr'>tu</span> <span class='ocrx_word' id='word_1_183' title='bbox 366 2608 443 2651; x_wconf 85' lang='lat' dir='ltr'>nune</span> <span class='ocrx_word' id='word_1_184' title='bbox 466 2593 524 2650; x_wconf 85' lang='lat' dir='ltr'>eris</span> <span class='ocrx_word' id='word_1_185' title='bbox 547 2588 620 2650; x_wconf 85' lang='lat' dir='ltr'>alter</span> <span class='ocrx_word' id='word_1_186' title='bbox 642 2589 677 2650; x_wconf 91' lang='lat' dir='ltr'>ab</span> <span class='ocrx_word' id='word_1_187' title='bbox 700 2589 762 2650; x_wconf 87' lang='lat' dir='ltr'><strong>illo.</strong></span> <span class='ocrx_word' id='word_1_188' title='bbox 835 2607 838 2614; x_wconf 81' lang='grc'><strong><em>’</em></strong></span> 
     </span>
     <span class='ocr_line' id='line_1_28' title="bbox 31 2675 1068 2758; baseline 0.001 -20"><span class='ocrx_word' id='word_1_189' title='bbox 31 2677 92 2738; x_wconf 88' lang='lat' dir='ltr'>Nos</span> <span class='ocrx_word' id='word_1_190' title='bbox 115 2687 213 2740; x_wconf 89' lang='lat' dir='ltr'>tamen</span> <span class='ocrx_word' id='word_1_191' title='bbox 235 2675 309 2738; x_wconf 86' lang='lat' dir='ltr'>haee</span> <span class='ocrx_word' id='word_1_192' title='bbox 332 2694 515 2758; x_wconf 80' lang='lat' dir='ltr'>quocumque</span> <span class='ocrx_word' id='word_1_193' title='bbox 536 2675 623 2738; x_wconf 87' lang='lat' dir='ltr'>modo</span> <span class='ocrx_word' id='word_1_194' title='bbox 645 2675 698 2738; x_wconf 91' lang='lat' dir='ltr'>tibi</span> <span class='ocrx_word' id='word_1_195' title='bbox 720 2685 821 2737; x_wconf 92' lang='lat' dir='ltr'>nostra</span> <span class='ocrx_word' id='word_1_196' title='bbox 843 2677 971 2736; x_wconf 81' lang='lat' dir='ltr'>vicissim</span> <span class='ocrx_word' id='word_1_197' title='bbox 1033 2686 1068 2739; x_wconf 84' lang='grc'>50</span> 
     </span>
    </p>
   </div>
   <div class='ocr_carea' id='block_1_3' title="bbox 29 2864 1157 3368">
    <p class='ocr_par' dir='ltr' id='par_1_4' title="bbox 29 2864 1157 3368">
     <span class='ocr_line' id='line_1_29' title="bbox 31 2864 1157 2950; baseline -0.005 -15"><span class='ocrx_word' id='word_1_198' title='bbox 31 2883 70 2936; x_wconf 73' lang='lat' dir='ltr'>uis</span> <span class='ocrx_word' id='word_1_199' title='bbox 80 2881 289 2937; x_wconf 65' lang='lat' dir='ltr'>&amp;tammmuttet</span> <span class='ocrx_word' id='word_1_200' title='bbox 300 2881 343 2935; x_wconf 77' lang='lat' dir='ltr'>tet</span> <span class='ocrx_word' id='word_1_201' title='bbox 356 2879 467 2948; x_wconf 72' lang='lat' dir='ltr'>rattiden</span> <span class='ocrx_word' id='word_1_202' title='bbox 478 2881 530 2936; x_wconf 79' lang='grc' dir='ltr'>(οι</span> <span class='ocrx_word' id='word_1_203' title='bbox 565 2896 759 2950; x_wconf 77' lang='lat' dir='ltr'>pausus-</span> <span class='ocrx_word' id='word_1_204' title='bbox 725 2877 828 2939; x_wconf 81' lang='lat'>-38</span> <span class='ocrx_word' id='word_1_205' title='bbox 840 2879 913 2932; x_wconf 86' lang='lat' dir='ltr'>motii</span> <span class='ocrx_word' id='word_1_206' title='bbox 925 2864 1002 2943; x_wconf 76' lang='lat' dir='ltr'>vioib</span> <span class='ocrx_word' id='word_1_207' title='bbox 1016 2881 1072 2946; x_wconf 74' lang='lat' dir='ltr'>epi..</span> <span class='ocrx_word' id='word_1_208' title='bbox 1155 2901 1157 2908; x_wconf 95' lang='lat'>·</span> 
     </span>
     <span class='ocr_line' id='line_1_30' title="bbox 31 2900 1065 3018; baseline -0.006 -12.941"><span class='ocrx_word' id='word_1_209' title='bbox 31 2949 140 3017; x_wconf 62' lang='lat' dir='ltr'>[dicate</span> <span class='ocrx_word' id='word_1_210' title='bbox 157 2951 472 3018; x_wconf 68' lang='lat' dir='ltr'>(nonhensathetss-</span> <span class='ocrx_word' id='word_1_211' title='bbox 437 2947 530 3010; x_wconf 78' lang='lat'>-29</span> <span class='ocrx_word' id='word_1_212' title='bbox 564 2900 597 3004; x_wconf 66' lang='lat' dir='ltr'>b</span> <span class='ocrx_word' id='word_1_213' title='bbox 616 2949 657 3014; x_wconf 89' lang='lat' dir='ltr'>ll</span> <span class='ocrx_word' id='word_1_214' title='bbox 674 2947 842 3018; x_wconf 74' lang='lat'>61-42</span> <span class='ocrx_word' id='word_1_215' title='bbox 861 2961 978 3013; x_wconf 78' lang='lat' dir='ltr'>carmen,</span> <span class='ocrx_word' id='word_1_216' title='bbox 1000 2948 1065 3014; x_wconf 70' lang='lat' dir='ltr'>ph.</span> 
     </span>
     <span class='ocr_line' id='line_1_31' title="bbox 31 3017 1098 3088; baseline -0.008 -12"><span class='ocrx_word' id='word_1_217' title='bbox 31 3021 56 3088; x_wconf 66' lang='lat' dir='ltr'><strong>ff</strong></span> <span class='ocrx_word' id='word_1_218' title='bbox 77 3019 201 3088; x_wconf 61' lang='lat' dir='ltr'>Dapbntt</span> <span class='ocrx_word' id='word_1_219' title='bbox 227 3019 313 3086; x_wconf 72' lang='lat' dir='ltr'>fbbtte</span> <span class='ocrx_word' id='word_1_220' title='bbox 335 3021 380 3074; x_wconf 76' lang='lat' dir='ltr'>batt</span> <span class='ocrx_word' id='word_1_221' title='bbox 403 3018 529 3085; x_wconf 64' lang='lat' dir='ltr'>ffiuttbtt&amp;</span> <span class='ocrx_word' id='word_1_222' title='bbox 565 3017 590 3084; x_wconf 85' lang='grc'><strong>3</strong></span> <span class='ocrx_word' id='word_1_223' title='bbox 613 3018 731 3086; x_wconf 79' lang='lat'><strong>287]—</strong></span> <span class='ocrx_word' id='word_1_224' title='bbox 748 3017 800 3078; x_wconf 83' lang='grc'><em>43</em></span> <span class='ocrx_word' id='word_1_225' title='bbox 824 3019 856 3070; x_wconf 87' lang='lat' dir='ltr'>ad</span> <span class='ocrx_word' id='word_1_226' title='bbox 875 3019 959 3072; x_wconf 85' lang='lat' dir='ltr'>sidera</span> <span class='ocrx_word' id='word_1_227' title='bbox 981 3025 1098 3080; x_wconf 87' lang='lat' dir='ltr'>notus,</span> 
     </span>
     <span class='ocr_line' id='line_1_32' title="bbox 30 3056 1066 3169; baseline -0.007 -25"><span class='ocrx_word' id='word_1_228' title='bbox 30 3087 113 3144; x_wconf 79' lang='lat' dir='ltr'>tuttus</span> <span class='ocrx_word' id='word_1_229' title='bbox 133 3089 172 3144; x_wconf 80' lang='lat' dir='ltr'>ein</span> <span class='ocrx_word' id='word_1_230' title='bbox 190 3091 241 3143; x_wconf 83' lang='lat' dir='ltr'>aab</span> <span class='ocrx_word' id='word_1_231' title='bbox 259 3089 368 3156; x_wconf 76' lang='lat' dir='ltr'>fdrteete</span> <span class='ocrx_word' id='word_1_232' title='bbox 386 3091 431 3144; x_wconf 81' lang='lat' dir='ltr'>ben</span> <span class='ocrx_word' id='word_1_233' title='bbox 444 3087 530 3149; x_wconf 62' lang='lat' dir='ltr'>atteia:</span> <span class='ocrx_word' id='word_1_234' title='bbox 566 3089 670 3156; x_wconf 66' lang='lat' dir='ltr'>nath.</span> <span class='ocrx_word' id='word_1_235' title='bbox 693 3089 718 3152; x_wconf 98' lang='grc'>4</span> <span class='ocrx_word' id='word_1_236' title='bbox 740 3086 857 3169; x_wconf 84' lang='grc'><em>344]</em></span> <span class='ocrx_word' id='word_1_237' title='bbox 822 3085 928 3147; x_wconf 80' lang='lat'>48</span> <span class='ocrx_word' id='word_1_238' title='bbox 953 3087 1016 3138; x_wconf 86' lang='lat' dir='ltr'>aiter</span> <span class='ocrx_word' id='word_1_239' title='bbox 1034 3056 1066 3138; x_wconf 78' lang='lat' dir='ltr'>ab</span> 
     </span>
     <span class='ocr_line' id='line_1_33' title="bbox 30 3154 1067 3289; baseline -0.002 -77"><span class='ocrx_word' id='word_1_240' title='bbox 30 3159 150 3226; x_wconf 85' lang='lat' dir='ltr'>bau]—</span> <span class='ocrx_word' id='word_1_241' title='bbox 172 3154 238 3218; x_wconf 79' lang='grc'><em>84.</em></span> <span class='ocrx_word' id='word_1_242' title='bbox 249 3159 372 3223; x_wconf 86' lang='lat' dir='ltr'>tulerunt,</span> <span class='ocrx_word' id='word_1_243' title='bbox 399 3155 528 3222; x_wconf 73' lang='lat' dir='ltr'>nieht:</span> <span class='ocrx_word' id='word_1_244' title='bbox 564 3155 1067 3289; x_wconf 28' lang='lat' dir='ltr'>illabetppeitennud)1encntitsst</span> 
     </span>
     <span class='ocr_line' id='line_1_34' title="bbox 29 3223 1066 3312; baseline -0.001 -33"><span class='ocrx_word' id='word_1_245' title='bbox 29 3227 194 3312; x_wconf 83' lang='lat' dir='ltr'>susarlerunt,</span> <span class='ocrx_word' id='word_1_246' title='bbox 213 3226 271 3292; x_wconf 72' lang='lat' dir='ltr'>aad)</span> <span class='ocrx_word' id='word_1_247' title='bbox 290 3227 364 3280; x_wconf 82' lang='lat' dir='ltr'>lium.</span> <span class='ocrx_word' id='word_1_248' title='bbox 378 3225 406 3279; x_wconf 92' lang='lat' dir='ltr'>il.</span> <span class='ocrx_word' id='word_1_249' title='bbox 424 3225 449 3291; x_wconf 87' lang='grc'>4</span> <span class='ocrx_word' id='word_1_250' title='bbox 464 3223 529 3280; x_wconf 82' lang='grc' dir='ltr'><em>304ι</em></span> <span class='ocrx_word' id='word_1_251' title='bbox 565 3223 1066 3298; x_wconf 64' lang='lat' dir='ltr'>rintcnu.3t);a113ar8epier=</span> 
     </span>
     <span class='ocr_line' id='line_1_35' title="bbox 29 3241 1064 3368; baseline -0.003 -18"><span class='ocrx_word' id='word_1_252' title='bbox 29 3291 78 3360; x_wconf 75' lang='grc' dir='ltr'>οὓς</span> <span class='ocrx_word' id='word_1_253' title='bbox 89 3316 131 3366; x_wconf 77' lang='grc' dir='ltr'>μη</span> <span class='ocrx_word' id='word_1_254' title='bbox 119 3293 232 3366; x_wconf 77' lang='grc' dir='ltr'><strong><em>Κῆρες</em></strong></span> <span class='ocrx_word' id='word_1_255' title='bbox 249 3293 315 3368; x_wconf 74' lang='grc' dir='ltr'>ἔβαν</span> <span class='ocrx_word' id='word_1_256' title='bbox 326 3263 463 3351; x_wconf 69' lang='grc' dir='ltr'>θανάτοιο</span> <span class='ocrx_word' id='word_1_257' title='bbox 480 3293 530 3363; x_wconf 73' lang='lat' dir='ltr'>pd-</span> <span class='ocrx_word' id='word_1_258' title='bbox 565 3309 633 3362; x_wconf 75' lang='lat' dir='ltr'>hung</span> <span class='ocrx_word' id='word_1_259' title='bbox 645 3297 687 3350; x_wconf 79' lang='lat' dir='ltr'>bet</span> <span class='ocrx_word' id='word_1_260' title='bbox 696 3294 841 3364; x_wconf 62' lang='lat' dir='ltr'>bethaniae</span> <span class='ocrx_word' id='word_1_261' title='bbox 851 3241 908 3359; x_wconf 74' lang='lat' dir='ltr'>autb</span> <span class='ocrx_word' id='word_1_262' title='bbox 919 3294 1064 3360; x_wconf 60' lang='lat' dir='ltr'>beibittto]</span> 
     </span>
    </p>
   </div>
   <div class='ocr_carea' id='block_1_4' title="bbox 82 3381 859 3462">
    <p class='ocr_par' dir='ltr' id='par_1_5' title="bbox 82 3381 859 3462">
     <span class='ocr_line' id='line_1_36' title="bbox 82 3381 859 3462; baseline -0.006 -23"><span class='ocrx_word' id='word_1_263' title='bbox 82 3401 372 3451; x_wconf 68' lang='lat' dir='ltr'>rgraraur</span> <span class='ocrx_word' id='word_1_264' title='bbox 766 3447 772 3462; x_wconf 84' lang='lat'><strong>.</strong></span> <span class='ocrx_word' id='word_1_265' title='bbox 842 3381 859 3434; x_wconf 89' lang='grc'>4</span> 
     </span>
    </p>
   </div>
   <div class='ocr_carea' id='block_1_5' title="bbox 0 0 1218 3634">
    <p class='ocr_par' dir='ltr' id='par_1_6' title="bbox 0 0 1218 3634">
     <span class='ocr_line' id='line_1_37' title="bbox 0 0 1218 3634; baseline 0 4"><span class='ocrx_word' id='word_1_266' title='bbox 0 0 1218 3634; x_wconf 95' lang='lat' dir='ltr'> </span> 
     </span>
    </p>
   </div>
  </div>
 </body>
</html>
