2428 3634
223 201 226 208 ’
273 269 279 276 .
355 194 816 292 ιιιοιι.ιιιιιιι.ι,ιι-ιι.,’
862 258 866 266 x
974 299 980 313 g
1048 221 1110 288 37·

59 395 183 458 Numine
206 395 269 456 solu
291 395 398 472 colant,
419 394 473 457 tilti
491 396 603 458 ,serviat
623 395 727 457 ultima.
743 395 845 473 Thule,
1049 410 1091 466 ,ιο

59 483 160 562 Teque
182 481 239 543 sibi
260 499 399 560 generum
420 480 529 558 'l'etltps
551 491 628 542 emat
649 481 782 543 omuibus
803 483 904 557 nudis3
969 549 976 559 ,

58 571 144 629 Anne
167 585 272 628 novum
293 567 384 629 tardis
406 566 486 628 sidus
508 568 709 630 mmeusitus
730 568 831 646 addas,

58 655 124 728 Qua
147 653 231 714 locus
252 653 402 732 Erig'ouen
424 655 499 736 inter
521 651 686 734 chelasque
708 664 865 734 sequentes

57 739 211 815 Panditur3
233 741 300 820 ipse
320 739 373 800 tibi
394 741 451 800 ism
472 739 591 800 brachia
615 741 759 802 contrahit
781 742 886 802 ardens

57 827 215 906 Scorpios,
237 835 267 886 et
288 825 362 886 caeli
384 827 459 886 iustu
481 825 547 906 plus
567 836 652 908 parte
673 827 823 906 relinquit:
1058 841 1093 896 35

57 912 206 991 Quicquid
228 914 287 972 eris
309 943 328 990 ·,
350 929 416 972 nam
438 921 469 973 tc
490 929 546 971 nec
568 922 687 992 sperant
708 913 828 975 Tartara
849 932 960 993 regem,

56 997 123 1058 Nec
144 997 198 1058 tibi
219 997 363 1076 regnandi
385 1000 484 1058 veniat
505 1006 564 1062 tam
585 997 649 1065 diro
672 999 790 1078 cupido,

57 1085 199 1158 Quamvis
220 1083 339 1161 Elysios
360 1085 480 1145 miretur
501 1083 624 1149 Graecia
646 1101 782 1164 compos,

55 1171 121 1231 Nec
142 1172 266 1249 repetita
288 1171 371 1249 sequi
394 1178 476 1231 curet
495 1169 672 1249 Proserpina
693 1180 813 1231 matrem
836 1205 856 1218 -

55 1257 103 1317 Da
126 1254 242 1316 lucilem
265 1273 380 1316 cursum
402 1263 490 1334 atque
511 1255 669 1316 audacibus
692 1273 786 1318 annue
808 1262 933 1338 coeptis,
1056 1274 1092 1328 ιο
1138 1309 1144 1326 ,

41 1343 237 1424 ignarosque
257 1344 324 1402 viae
345 1359 458 1404 mecum
479 1343 635 1404 miseratus
657 1352 790 1421 agrestes
817 1375 820 1382 ·

55 1427 223 1506 lngredero,
247 1437 277 1488 et
297 1429 376 1489 votis
397 1430 454 1488 iam
476 1445 553 1490 nuuc
574 1445 714 1488 assuesce
735 1432 845 1490 vocari.

120 1513 201 1574 Vere
221 1531 308 1590 novo,
337 1513 452 1592 gelidus
474 1516 556 1574 canis
579 1529 643 1575 com
665 1513 811 1575 montibus
833 1515 935 1576 humor

54 1601 189 1680 Liquitur
210 1609 239 1660 ot
261 1598 396 1679 Zephyro
418 1602 511 1681 putris
534 1619 568 1661 se
589 1599 676 1678 gleba
698 1600 829 1676 resolvit,
1029 1673 1032 1684 .

54 1687 207 1766 Depresso
229 1687 350 1766 incipiat
371 1688 429 1746 iam
449 1695 509 1747 tum
530 1687 600 1747 milri
622 1697 721 1747 taurus
743 1696 839 1748 amtro
1002 1707 1004 1712 ’
1056 1703 1090 1756 sc

53 1773 218 1850 ingemere,
242 1781 272 1833 et
293 1771 376 1834 sirloc
399 1775 514 1834 attritus
536 1772 745 1853 splendescere
766 1775 899 1835 vomer.'

53 1859 109 1920 Illa
131 1875 220 1936 seges
242 1857 355 1920 demum
376 1861 454 1920 rotis
475 1859 635 1940 respondet
656 1861 736 1922 avari

52 1944 225 2022 Agricolae,
246 1943 293 2006 bis
315 1947 392 2024 quae
413 1944 515 2021 solem,
537 1944 585 2006 liis
606 1945 718 2025 frigora
741 1948 850 2021 sensit3

54 2031 138 2092 lllius
160 2033 319 2092 immensae
339 2041 478 2110 ruperunt
499 2031 605 2092 horrea
626 2049 751 2092 messes.
1004 2075 1006 2082 ν
1125 2076 1140 2108 .,

118 2117 165 2178 Ac
184 2119 266 2198 prius
288 2119 422 2196 ignotum·
441 2116 519 2176 ferro
542 2135 627 2195 quam
651 2118 808 2178 scindimus
830 2136 950 2197 aequor,
1051 2131 1088 2187 ee

52 2203 167 2264 Ventos
189 2212 219 2264 et
238 2205 350 2264 varium
372 2200 448 2262 caeli
468 2203 658 2281 praediscere
679 2219 789 2262 morem

52 2288 131 2351 Cura
153 2289 192 2349 sit
213 2305 249 2349 uo
269 2291 382 2374 patrios
405 2285 558 2390 cultusque
580 2287 753 2368 habitusque
774 2288 915 2365 locorum,
1202 2347 1204 2354 χ

50 2375 92 2437 Et
114 2374 182 2455 quid
204 2393 338 2454 quaeque
360 2373 435 2434 ierat
449 2376 551 2452 regio,
574 2383 605 2434 et
626 2374 695 2454 quid
715 2391 851 2454 quaeque
872 2385 998 2437 recuset.
1076 2437 1081 2460 ι

37 2461 109 2523 ·Hic
131 2470 259 2540 segetes,
281 2461 343 2522 illic
363 2461 483 2522 veniunt
504 2459 620 2521 iolicius
641 2477 725 2538 urna

50 2546 179 2608 Arborei
202 2546 279 2609 letus
301 2546 371 2609 alibi
393 2556 481 2626 atque
502 2548 613 2610 iniussa
634 2549 784 2608 virescunt
881 2547 886 2559 '
1052 2563 1087 2617 55

53 2631 200 2694 Gramina.
243 2632 348 2695 Nonne
368 2632 462 2710 vides,
485 2649 630 2694 croceos·
624 2627 663 2693 ut
684 2632 802 2694 Tmolos
825 2633 941 2718 odores,

50 2719 133 2782 ludia
155 2721 241 2782 mittit
262 2719 343 2796 ebur,
366 2718 470 2780 molles
493 2737 545 2782 sua
566 2728 631 2780 tura
653 2717 775 2796 Sabaei,

52 2806 93 2866 At
116 2803 262 2884 Glralplres
283 2765 364 2868 uud’i
373 2805 490 2890 ferrum,
512 2807 669 2885 virosaque
690 2804 799 2868 Pontus

52 2891 205 2970 Castorea,
227 2891 360 2954 llliadmn
381 2850 493 2972 palmas
514 2889 622 2972 Epiros
645 2893 804 2972 equarum?

53 2977 199 3039 Continuo
220 2977 275 3046 has
296 2978 381 3058 leges
403 2986 580 3058 aeternaque
602 2977 722 3039 foedera
745 2983 834 3040 certis
1027 2980 1087 3048 'dit
1197 2995 1201 3004 '

51 3110 140 3248 dig
166 3112 297 3170 vetonica
320 3113 365 3180 icti
386 3113 427 3166 ott
450 3108 552 3176 (Acltlm
588 3111 668 3194 icccc
680 3114 748 3180 tttcp
767 3125 808 3168 cm
820 3112 931 3178 {rinnel
949 3113 1086 3182 tintenJ-
1118 3165 1123 3172 ,

52 3181 112 3248 pacit
135 3193 166 3236 ec
192 3183 236 3237 tec
259 3182 395 3250 zeugitana
420 3181 473 3235 cut
499 3179 553 3235 tect
588 3179 631 3236 lt
653 3183 712 3252 ingr
712 3183 802 3244 edere,
826 3183 843 3245 i
866 3181 896 3233 A.
919 3179 945 3246 8
968 3180 1085 3250 5th

52 3249 187 3318 &toccien
213 3251 266 3320 (mc
289 3251 373 3319 ipdtec
399 3248 436 3304 bit
458 3249 552 3317 muge)
587 3247 630 3305 til
657 3261 792 3318 mpetum,
824 3249 894 3317 etde
921 3253 939 3316 i.
965 3267 1085 3322 rumpere
1174 3219 1178 3227 ι
