2412 3630
148 209 214 278 m
285 209 288 218 “
419 213 500 269 AEN.
518 217 633 270 ursule
650 217 712 272 ΧΠ.
730 228 756 272 u.
774 217 929 276 tut—228.

147 357 249 436 Tango
272 373 354 428 aras,
383 353 496 416 medios
517 347 651 436 ig'ueset
672 359 789 420 numina
812 369 915 424 testona

147 441 235 504 Nulla
257 440 320 503 dies
343 457 444 522 pacem
466 440 542 513 hanc
564 441 643 504 ltalis
665 461 718 505 neo
734 445 854 511 foedera
877 458 1007 528 rumpet,

149 527 216 601 Quo
239 545 287 590 res
309 543 435 608 cumque
457 525 572 601 cedent3
603 547 657 588 neo
678 547 726 590 me
747 531 792 592 vis
816 532 874 592 ulla
895 533 1040 598 volentem

147 615 276 688 Avertet3
306 631 379 688 non,
410 612 435 672 si
457 610 590 672 tellurem
612 613 741 676 effundat
763 617 790 675 in
815 617 922 688 undas,

147 700 265 761 Diluvio
287 698 414 760 miscens
436 695 608 780 caelumque
630 699 659 758 in
682 700 797 762 Tartara
821 703 926 763 solvata

149 786 186 846 Ut
200 792 346 866 sceptrum
361 781 418 844 hoc
432 815 452 828 -
462 781 565 843 ¹deutra
581 793 727 866 sceptrum
743 805 810 868 nam
827 787 898 848 lorte
913 789 1031 868 gerebat
1046 821 1066 837 -

148 869 313 952 Numquam
336 866 438 928 iroude
460 867 516 929 levi
540 867 639 930 tundet
661 871 786 950 virgulta
808 891 904 954 neque
925 874 1065 947 umbras:

148 955 224 1017 Cum
246 954 338 1016 semel
360 953 389 1014 in
412 952 495 1014 silvis
516 953 576 1014 imo
598 954 635 1015 de
656 956 745 1038 stirpe
767 958 893 1028 recisum
1015 964 1020 976 '

146 1039 239 1102 Matre
260 1047 353 1115 caret,
379 1039 536 1120 posuitque
558 1059 659 1102 comas
678 1050 709 1102 et
731 1041 848 1105 brachia
871 1043 962 1114 ferro,

117 1189 124 1205 ,
147 1125 227 1188 Olim
248 1123 350 1196 arbos,
380 1143 457 1184 nuno
478 1125 596 1186 artificis
617 1143 721 1188 manus
743 1147 810 1188 aere
832 1128 940 1190 decoro

58 1218 62 1226 ’
146 1210 266 1273 Inclusit
288 1209 477 1292 patribusque
499 1207 577 1270 dedit
598 1220 714 1290 gestare
735 1212 851 1278 latinis.

143 1295 265 1358 Talibus
288 1297 362 1356 inter
383 1313 416 1357 se
437 1295 590 1356 firmabant
611 1296 727 1358 foedera
745 1297 830 1361 dictis

147 1382 311 1462 Conspectu
335 1382 364 1440 in
386 1379 483 1442 medio
502 1399 669 1462 procerum.
713 1381 785 1443 Tum
807 1383 860 1444 rite
881 1390 1009 1449 sacratas

91 1481 95 1490 '
146 1467 179 1528 ln
201 1467 348 1528 llemmam
370 1465 504 1546 iugulant
524 1466 669 1548 pecudes,
698 1476 727 1528 et
749 1469 861 1531 viscera
883 1471 958 1533 vivis

147 1552 280 1633 Eripiunt
302 1551 510 1632 cumulantque
532 1553 657 1614 oneratis
679 1553 810 1616 lancibus
833 1573 909 1617 aras.
937 1557 939 1562 ’

233 1638 268 1698 At
289 1657 358 1698 vero
381 1635 497 1698 Rutulis
518 1637 612 1719 impar
633 1657 667 1699 ea
688 1659 786 1720 pugna
808 1639 900 1701 videri
945 1681 949 1696 1
988 1695 992 1704 ,

30 1746 34 1756 .
145 1720 333 1794 Iamdudum,
369 1730 397 1782 et
418 1721 498 1783 vario
520 1723 636 1784 misceri
657 1733 775 1804 pectora
798 1735 907 1802 mutua

146 1809 220 1870 Tum
243 1808 351 1887 magis,
382 1815 414 1866 ut
434 1807 557 1888 propius
579 1818 702 1869 cernunt
723 1831 781 1872 non
803 1811 915 1873 viribus
936 1811 1048 1895 aequis.

145 1894 268 1955 Adiuvat
289 1894 407 1953 incessu
428 1893 517 1954 tacito
538 1911 716 1974 progressus
737 1903 766 1956 et
786 1916 866 1958 aram

129 1978 322 2060 ¹Suppliciter
343 1995 485 2040 venerans
506 1977 636 2045 demisso
658 1979 767 2041 lumine
788 1979 904 2044 Turnus
924 1981 928 1988 “
1036 2018 1039 2026 ·

145 2065 346 2146 Tabentesque
367 2081 460 2144 genae
482 2072 511 2125 et
531 2065 663 2126 iuvenali>
680 2066 710 2125 in
732 2063 855 2149 corpore
876 2066 978 2150 pallor.

36 2157 39 2160 '
145 2147 241 2222 Quem
264 2148 352 2213 simul
373 2169 410 2211 ao
430 2150 548 2212 luturua
570 2170 655 2213 soror
676 2151 861 2214 crebrescere
882 2152 954 2214 vidit

144 2234 318 2298 Sermonem
339 2243 368 2295 et
388 2235 470 2317 vulgi
491 2235 604 2298 variare
626 2237 750 2298 labentia
771 2237 873 2298 corda:

143 2320 177 2380 ln
200 2321 311 2384 medias
333 2321 428 2398 acies,
457 2321 770 2389 lormameassimulata
793 2323 917 2386 Camerti
940 2355 960 2370 -

30 2404 36 2422 '
145 2405 201 2466 Cui
218 2425 319 2486 ,genus
340 2425 358 2467 a
379 2408 497 2488 proavis
519 2407 623 2496 ingens
645 2407 815 2492 clarumque
836 2418 973 2491 pateruae

144 2490 258 2551 Nomou
281 2498 341 2551 erat
362 2491 491 2566 virtutis,
510 2501 549 2553 tet
569 2494 634 2577 ipse
653 2494 814 2556 acerrimus
836 2494 925 2555 armis
947 2525 967 2540 -

144 2575 179 2636 ln
201 2573 313 2637 medias
334 2573 384 2636 dat
401 2597 468 2640 sese
489 2579 583 2652 acies,
613 2577 694 2640 haud
716 2581 814 2642 nescia
834 2595 946 2655 rerum,
972 2619 976 2628 .

91 2661 96 2671 '
145 2661 347 2744 Rumoresque
369 2663 439 2724 serit
460 2665 559 2728 varios
580 2671 625 2726 ac‘
638 2665 706 2726 talia
728 2665 818 2726 latur:

145 2839 249 2913 'tltpotto
263 2847 312 2901 unt
323 2843 480 2914 etonm-
490 2843 653 2916 respect
680 2847 824 2916 &torpuit
841 2847 905 2904 utto
923 2844 1050 2914 oemunt
1067 2843 1137 2910 butu)
1150 2843 1181 2898 tte

145 2915 210 2971 utu
240 2913 352 2984 rattruut
386 2924 434 2969 oon
461 2915 545 2968 Hom.
573 2912 606 2969 11.
631 2919 654 2980 1,
680 2915 1182 2984 &undatoettotuantaucttunobetzeta

145 2987 196 3036 2³4
218 2983 261 3052 tp]
284 3010 318 3023 -
339 2978 397 3035 ΜΒ.
417 2997 478 3034 cum
494 2984 594 3048 camel,
616 2985 655 3040 bei
680 2985 744 3052 out]
770 3011 804 3024 -
826 2982 887 3037 223.
916 2994 1081 3054 coemeram,
1111 2979 1182 3037 ntmt.

144 3052 243 3114 moues
260 3049 308 3119 (Q.
326 3053 404 3114 taeta
432 3047 525 3120 ἐπειδὴ
545 3050 652 3122 πρῶτα]
680 3051 769 3122 vulgi]
784 3049 888 3106 -tle
902 3051 1023 3118 coetero
1033 3051 1108 3117 &lacte
1121 3051 1181 3106 tinet

145 3117 205 3174 218.
222 3124 346 3188 cernunt,
370 3117 449 3174 nlmt.
462 3120 507 3173 ten
520 3119 655 3176 ueneno.
682 3120 765 3176 lttetu
782 3120 915 3188 tltdptete:
937 3119 1127 3188 numerosque
1142 3133 1182 3169 ae-

87 3215 107 3258 ·,
147 3187 270 3257 ssucout]
294 3215 327 3230 -·
355 3183 407 3244 ult
429 3183 459 3254 tl.
484 3185 572 3244 enm
603 3186 656 3253 ittae
681 3194 744 3242 runt
763 3188 854 3244 rarior
876 3194 904 3243 et
923 3191 1011 3244 multa
1030 3181 1179 3258 requirunt]

358 3543 369 3574 Ι
