2428 3634
149 246 192 314 no
421 260 553 338 cuono„
565 263 663 318 ursus
681 263 703 318 ι
725 281 750 320 v.
768 261 918 321 ιιι-ιιι.

71 417 75 428 ’
149 422 300 503 ingenium
322 433 373 487 aut
394 442 490 486 rernm
510 423 574 488 into
593 423 746 506 prudentia
767 425 876 499 maium

148 508 256 572 Verum
280 509 328 572 uhi
335 521 511 616 ιιοιιιιιιιιιι
534 521 564 574 et
587 511 661 574 caeli
684 511 800 574 mobilis
823 510 928 572 humor

149 595 299 658 Mutavere
322 601 384 658 rias
408 609 438 659 et
459 597 590 678 luppiter
610 597 714 662 uvidus
736 599 844 660 austris

148 683 271 760 Denset,
295 694 377 746 erant
399 702 474 786 quae
496 689 562 744 rara
583 684 682 762 modo,
705 693 744 760 et,
757 701 843 763 qnae
865 683 966 760 densa,
990 682 1118 759 relaxat3

148 729 306 831 Vertunlur
328 774 445 850 species
468 773 627 832 animomm
651 781 680 831 et
701 780 822 851 pectora
845 779 940 832 motus
1084 835 1096 853 ,
1138 782 1186 836 rao

149 853 233 930 Nunc
256 855 339 934 alios,
363 856 448 933 alios,
471 856 537 918 uun
560 857 658 918 nubile
680 866 783 918 ventus
805 855 923 958 agebat,

150 937 338 1032 Concipiunt:
362 942 430 1002 hine
453 943 501 1002 ille
524 946 619 1004 avium
642 953 803 1004 concentus
822 945 855 1006 in
877 945 958 1068 agris

149 1027 187 1090 Et
209 1028 304 1090 laetae
324 1025 455 1109 pecudes
479 1039 509 1092 et
530 1039 653 1092 ovantes
675 1039 791 1108 gutture
814 1031 929 1092 corvi.

144 1125 156 1152 '
213 1117 245 1176 Si
267 1133 338 1177 uero
362 1115 455 1177 solem
478 1115 514 1178 ad
537 1116 668 1197 rapidum
691 1115 834 1201 lunasque
858 1125 1016 1196 sequentes

148 1170 258 1263 Ordine
281 1205 435 1283 respicies,
458 1221 612 1282 numquam
634 1212 664 1264 te
687 1205 814 1264 crastina
837 1201 919 1264 inilet
976 1253 978 1256 .

147 1288 236 1366 liora,
259 1307 355 1369 neque
378 1289 492 1350 insidiis
514 1291 610 1352 noctis
634 1292 752 1370 capiere
775 1306 908 1352 serenae.

148 1375 237 1452 Luna,
261 1385 441 1438 revertentes
464 1394 528 1436 curn
551 1379 675 1456 primum
697 1375 811 1454 colligit
834 1378 928 1453 ignes,

147 1461 180 1522 Si
202 1464 316 1540 nigrum
338 1462 465 1524 obscuro
490 1462 709 1543 comprenderit⁸
727 1469 797 1524 aere
820 1479 920 1537 cornu,

149 1547 290 1609 iluimus
313 1548 453 1627 agricolis
475 1548 642 1628 pelagoque
664 1548 812 1629 parabitur
834 1547 934 1609 imber.

146 1635 187 1695 At
209 1638 234 1696 si
257 1637 418 1713 virgineum
441 1635 593 1696 suffuderit
614 1654 666 1696 ore
689 1635 834 1711 ruborem,
863 1665 870 1678 ·
1138 1647 1183 1702 noo

147 1721 260 1782 Ventus
283 1723 351 1782 erit:
375 1731 461 1782 vento
485 1739 602 1803 semper
624 1721 707 1784 rubet
729 1738 817 1782 aures
839 1719 966 1782 Phoebe.

92 1873 97 1886 ¹
147 1808 199 1868 Sin
222 1816 287 1867 ortu
309 1816 423 1886 quarto,
446 1825 570 1886 namque
593 1811 619 1868 is
642 1809 955 1882 certissimus-auctor,

146 1891 222 1954 l’ura
243 1910 339 1972 neque
361 1893 494 1954 obtunsis
516 1911 570 1974 per
593 1893 705 1954 coelum
728 1893 865 1956 cornibus
889 1894 968 1969 ibit,-

1102 1279 1124 1312 Χ
1149 1304 1151 1310 .

41 2005 44 2016 ¹
147 1977 237 2040 'lotus
260 1989 289 2040 et
312 1978 361 2040 ills
383 1979 456 2058 dies,
480 1989 510 2042 et
532 1981 581 2059 qui
603 1989 760 2042 nascentur
781 1979 817 2042 nl)
841 1980 890 2042 illo
970 2039 972 2044 ,
1038 2017 1040 2021 -

146 2065 286 2128 Enaotum
309 2065 346 2126 nd
368 2084 498 2128 mensem
519 2066 618 2147 pluvia
639 2068 793 2146 ventisque
815 2066 963 2142 carebunt,
1137 2081 1183 2134 135

144 2151 281 2233 Votoque
303 2156 411 2214 servati
434 2153 549 2216 solvent
570 2155 599 2214 in
622 2153 709 2216 litore
731 2163 836 2216 nautae

148 2239 257 2302 Glauco
281 2249 311 2300 et
332 2239 488 2322 Panopeae
511 2249 540 2302 et
561 2239 634 2302 inco
657 2239 835 2302 ilelicertae.
896 2277 898 2282 -

11 2305 22 2369 ἶ
64 2319 71 2356 ⁶
130 2326 199 2388 ¹sol
222 2344 338 2406 quoque
361 2336 389 2388 et
412 2329 548 2388 exoriens
571 2336 609 2403 et,
631 2343 697 2408 curn
720 2345 754 2388 se
776 2325 876 2388 condit
898 2328 926 2387 in
949 2325 1053 2403 undas,
1099 2411 1102 2418 .

65 2481 67 2486 ,
146 2413 238 2490 Signa
261 2412 356 2487 dnbit;
380 2412 472 2474 solem
495 2415 659 2474 certissimo
681 2415 766 2491 signa
789 2421 955 2493 sequuntur,

145 2497 183 2558 Et
205 2517 280 2577 quoe
302 2517 387 2558 mnne
408 2499 499 2560 reiert
520 2507 550 2560 et
567 2517 647 2578 quae
668 2499 857 2578 surgentibus
879 2501 976 2560 astris.
1135 2513 1182 2566 tle

144 2582 197 2644 llle
219 2583 268 2644 ubi
289 2583 459 2646 nascentem
480 2585 602 2647 maculis
624 2587 780 2646 variaverit
801 2595 894 2646 ortum

146 2668 316 2732 Conditus
309 2688 339 2729 ru
361 2671 476 2748 nubem,
499 2671 654 2751 medioque
676 2669 817 2752 refugerit
839 2663 920 2748 orbe,

147 2757 283 2838 Suspecti
304 2753 357 2816 tibi
379 2758 438 2818 sint
457 2757 583 2833 imbres;
606 2775 731 2858 namque
752 2768 838 2837 urget
859 2757 895 2819 ab
919 2757 976 2822 nlto
1093 2803 1097 2810 .

144 2842 365 2922 Arboribusque
387 2845 518 2922 satisque
540 2843 633 2905 Notus
655 2845 816 2925 pecorique
837 2847 965 2906 sinister

145 2929 204 2990 Aut
225 2927 274 2992 ubi
297 2927 350 2990 snb
373 2927 467 2988 lucem
490 2929 581 2992 densa
603 2932 679 2992 inter
699 2923 798 2992 nubila
821 2949 889 2994 sese
1132 2946 1179 2998 ιιι

67 3047 72 3058 ·
145 3015 261 3080 Diversi
284 3023 416 3094 rumpent
437 3013 520 3091 radii,
544 3026 594 3078 aut
615 3016 663 3078 ubi
686 3016 794 3097 pallida
816 3025 915 3096 surget

145 3099 259 3162 Tithoni
283 3119 418 3162 croceum
441 3100 575 3178 linquens
598 3102 713 3164 Aurora
736 3103 840 3178 cubile,
926 3167 929 3174 ,

37 3351 40 3358 ,
143 3279 203 3338 llo.
230 3287 325 3353 maior,
353 3285 430 3340 nicol
454 3287 493 3338 nli
516 3283 542 3338 t'n
566 3284 709 3352 iilrnldirn]
723 3316 757 3348 -,-
773 3283 833 3341 roo.
854 3288 951 3342 Glauco
970 3297 1003 3354 st,
1022 3280 1133 3357 bicinis
1201 3363 1202 3391 Χ
