2434 3634
204 217 225 267 ,’
286 207 782 316 pmussnlqvlaAEffl-OElb
820 195 851 246 ‘³
975 237 1061 302 -ltl

45 375 216 445 llic-manus,
244 372 284 433 ob
305 371 424 452 patriam
447 370 605 454 pugnando
627 373 748 436 vulnera
769 375 865 456 passi,
913 377 929 422 J
997 387 1059 438 tuo
1146 451 1151 458 ‚
1185 401 1187 458 q

46 459 138 540 Quique
158 455 325 520 sacerdotes
347 458 433 529 casti,
463 456 533 530 dum
555 457 612 518 vitu
636 459 785 534 manebat,
1186 463 1187 470 ’

46 543 137 625 Quique
157 544 196 625 pii
219 551 299 604 vates
321 551 350 604 ct
372 541 489 623 Phoebo
511 541 597 622 digna
620 541 725 620 locuti,

46 628 152 690 luventas
172 637 221 690 aut
242 627 292 710 qui
315 629 401 688 vitam
424 627 578 688 excoluere
599 645 651 708 per
673 638 765 703 artes,

46 712 136 793 Quique
157 713 203 775 sui
226 731 369 794 memores
391 712 464 774 elios
487 713 581 773 lacere
604 713 759 797 merendo:
793 749 795 752 -

47 796 161 858 Omnibus
183 797 229 858 bis
252 797 336 858 nivea
358 799 515 878 cinguntur
536 806 664 878 tempora
687 799 765 859 vitta.

47 881 107 951 Quos
126 881 318 944 'circumfusos
340 886 383 943 sic
405 892 456 944 est'
471 881 556 943 allata
578 880 703 964 Sibylla,

49 965 171 1028 dieucum
194 975 262 1030 ante
284 985 400 1042 omnes3
430 967 558 1030 medium
581 985 647 1028 nam
670 968 795 1048 'plurima
816 969 900 1030 turbe

49 1050 211 1112 Hunc-babet
233 1061 321 1132 atque
343 1051 472 1114 humeris
494 1045 660 1112 exstantem¹
675 1054 798 1134 suspicit
818 1053 900 1116 eltis:

48 1135 126 1208 llicite,
154 1136 252 1201 lelices
275 1137 402 1210 animae,
432 1146 537 1220 tuque,
570 1137 677 1218 optime
698 1147 794 1210 vates,

49 1219 108 1290 Quae
126 1221 203 1300 rugio
225 1220 385 1297 Anchisen,
415 1223 482 1303 quis
504 1220 591 1282 babet
612 1215 717 1284 locus?
746 1223 827 1284 lllius
849 1241 920 1304 ergo
1000 1230 1062 1282 ⁰70
1123 1297 1135 1304 ν

49 1304 155 1371 Venimus
176 1315 204 1366 et
226 1325 349 1386 magnos
372 1305 456 1367 Erebi
480 1305 790 1369 tranavimus'amnes.
894 1353 904 1361 s
979 1377 982 1384 p

49 1389 115 1470 ltque
133 1389 198 1451 huic
221 1409 394 1472 responsum
417 1392 517 1472 paucis
541 1392 581 1452 ite
602 1389 724 1451 reddidit
745 1391 848 1454 bonose
875 1439 877 1444 .

49 1472 104 1534 llulli
123 1485 195 1536 certa
218 1475 340 1551 domus3
361 1477 447 1538 ,lucis
469 1474 632 1552 habitamus
654 1477 755 1557 opacis

51 1556 214 1642 lliparumque
236 1571 317 1622 toros
339 1570 367 1622 et
389 1571 467 1643 prate
490 1561 615 1621 recentia
638 1561 708 1622 rivis
980 1607 984 1610 -
1075 1627 1079 1636 ,

52 1641 181 1706 lncolimus.
212 1644 285 1708 -Sed
308 1664 375 1720 vos,
406 1647 430 1707 si
454 1645 507 1706 lert
530 1646 568 1706 ita
591 1645 678 1706 corde
699 1645 851 1720 volumtas,
999 1653 1062 1706 ste

53 1726 98 1788 llun
112 1739 236 1812 superate
259 1731 375 1809 iugum3
399 1731 436 1790 ‘et
458 1729 533 1790 lucili
557 1730 614 1790 iam
636 1731 749 1790 tramite
771 1731 880 1792 sistam.

54 1791 106 1872 llirit
121 1824 143 1875 et
162 1825 228 1876 ante
251 1815 317 1875 tulit
339 1833 474 1894 gressum
497 1809 674 1896 camposque
697 1815 819 1878 nitentes
889 1863 893 1870 .

52 1895 149 1980 llesuper
168 1904 307 1976 ostentam
338 1898 442 1960 dehinc
463 1917 576 1960 summa
600 1899 762 1980 cacumina'
774 1899 916 1982 linquunt.
940 1949 947 1959 .

109 1985 139 2044 m
157 1994 239 2066 pater
261 1984 400 2046 Anchises
423 1984 538 2064 penitus
561 1983 693 2044 convelle
714 1987 816 2046 virenti

52 2064 149 2130 lnulusus
170 2071 282 2130 animas
304 2088 502 2151 superumque
524 2069 560 2130 ed
579 2069 676 2130 lumen
699 2070 792 2132 ituras
878 2119 879 2122 ,
985 2078 1083 2146 utu„

51 2147 171 2216 lustrabat
192 2153 291 2216 studio
312 2153 460 2226 recolere,
489 2173 664 2236 omnemque
686 2158 808 2214 suorultr

50 2233 108 2296 Forte
126 2231 292 2302 recebsebat
308 2259 462 2300 numerum
485 2258 629 2321 carosque
651 2247 787 2319 nepotes,

51 2317 146 2403 lataque
166 2324 354 2406 fortunasque
375 2320 471 2384 virtim
494 2342 650 2405 moresque
665 2342 843 2404 manusque.
918 2349 925 2355 ’
1047 2398 1049 2402 .

52 2401 113 2484 lsque
132 2407 178 2470 ubi
200 2409 365 2470 tendentem
387 2409 543 2470 adversum
565 2427 618 2490 per
640 2408 771 2487 gramina
793 2406 864 2468 vidit
913 2449 918 2459 ι
959 2453 967 2467 t

51 2485 149 2566 leucen,
176 2493 282 2557 alacris
303 2494 414 2576 palmas
437 2497 577 2571 utresque
598 2492 730 2567 tetendit,
853 2539 855 2547 a
999 2498 1060 2550 ted
1120 2511 1123 2523 ’

51 2570 192 2658 llusaeque
213 2580 299 2660 genis
322 2579 456 2640 lacrimae
478 2587 507 2640 et
527 2597 585 2652 nor
605 2577 710 2638 excidit
732 2597 796 2638 ore:
852 2585 856 2595 “
890 2613 891 2616 =

51 2654 128 2722 lenisti
148 2663 415 2744 tandemstuaque
438 2672 601 2744 exspectate
622 2663 732 2744 parenti

52 2738 99 2802 licit
117 2745 164 2808 iter
184 2748 299 2810 durum.
314 2746 426 2830 pietas?
454 2748 544 2808 Datur
565 2745 619 2808 ore'
639 2747 712 2808 tueri
723 2763 734 2818 ‚⁸

54 2821 115 2903 Nutu,
140 2841 186 2894 tua
208 2842 237 2895 et
258 2834 343 2896 notas
365 2829 466 2896 audire
488 2842 516 2893 et
538 2831 665 2896 reddere¹
680 2829 788 2894 voces?

54 2905 84 2970 Sic
99 2917 222 2998 equidem
245 2919 388 2980 ducebam
410 2918 508 2979 animo
530 2917 672 2998 rebarque
695 2915 840 2998 futurum,
994 2921 1056 2971 69⁰

53 3049 236 3114 summme:
255 3035 386 3120 inopinum
396 3050 526 3102 fluentem
552 3050 570 3113 Ῐ.
587 3045 673 3117 ¹1⁴¹]
693 3077 727 3088 -
744 3045 804 3100 680.
822 3059 964 3113 nuperum,
984 3042 1049 3108 iffi.
1072 3063 1076 3076 ·
1151 3051 1157 3055 ’

54 3109 255 3255 tumet
268 3133 525 3253 autumant
550 3112 855 3255 lutoldum-¹¹:
870 3111 942 3180 ll
955 3109 1059 3202 ²⁷¹⁰*
