2428 3634
144 200 188 293 ab
321 207 325 216 ’
417 241 538 298 anons.
562 243 661 297 uuna
679 245 697 296 r.
720 261 745 297 v.
764 241 907 297 ruo-aaa

148 405 390 484 Strymoniaeque
412 421 501 482 grues
523 413 553 466 et
575 405 680 464 amaris
701 402 800 465 intuba
824 402 904 464 libris

146 489 286 551 Oibeiuut
307 499 356 552 aut
376 490 477 551 umbra
498 498 595 552 uocet.
639 490 725 551 Pater
745 492 812 571 ipse
834 489 948 550 colendi

124 573 228 644 fland
250 575 365 636 facilem
388 582 456 636 eoae
477 577 553 636 viam
574 574 676 653 voluit,
699 579 867 656 primusque
888 594 942 656 per
963 585 1056 636 artem

21 683 25 690 ⁴
145 661 237 722 blovit
258 680 357 740 agros,
381 663 458 722 curis
481 679 590 722 aenens
611 661 744 731 mortalia
767 662 867 744 eorda,

147 747 209 806 Nee
230 757 348 827 torpere
364 749 453 826 'gravi
473 765 581 828 passus
604 767 656 808 sua
671 763 768 826 'regua
790 757 921 828 veterno.

146 833 223 893 llnte
245 833 342 894 lovem
364 833 435 893 nulli
457 833 631 911 subigebant
653 853 721 894 arva
744 833 858 908 uoloniq

145 919 189 980 Ne
211 921 329 997 signare
351 919 465 999 quidem
488 929 537 980 aut
558 922 660 1000 partiri
681 919 772 980 limite
795 937 926 999 eampum
1042 971 1050 978 .

140 1006 201 1066 -Fas
224 1009 300 1066 erati
323 1007 353 1064 in
374 1003 499 1066 medium
522 1006 709 1084 quaerebant,
738 1009 861 1086 ipsaque
882 1005 970 1066 tellus

147 1090 252 1151 Omnia
273 1091 403 1169 liberius,
425 1091 504 1152 nullo
526 1101 678 1173 poscente,
702 1091 823 1152 ferebat.

143 1176 195 1237 llle
217 1177 322 1237 malum
343 1180 422 1238 virus
445 1178 629 1257 serpentibus
652 1177 761 1238 addidit
782 1180 865 1256 atris,

145 1262 339 1342 Praedarique
359 1263 447 1344 lupos
469 1265 554 1324 iussit
574 1273 752 1345 pontumque
773 1265 894 1340 moveri,

144 1348 290 1428 biellaque
312 1349 442 1410 deeussit
462 1349 542 1410 foliis
564 1352 720 1431 ignemque
741 1352 874 1426 removit,
955 1419 958 1426 Ι
1014 1397 1023 1408 .
1101 1399 1104 1406 a

145 1435 183 1495 Et
204 1437 314 1515 passim
336 1438 407 1496 rivis
430 1438 574 1496 currentia
594 1438 662 1496 vina
683 1439 834 1516 repressit,
913 1449 914 1452 ’

143 1521 183 1582 llt
203 1523 300 1582 variae
321 1540 392 1583 usus
413 1521 577 1582 meditando
600 1523 770 1583 extunderet
791 1531 869 1584 artes
960 1539 965 1546 “

144 1607 304 1684 Paullatim,
328 1617 358 1668 et
379 1606 469 1668 suloie
491 1607 625 1672 frumeuti
648 1618 804 1688 quaereret
824 1608 954 1684 herbam,

147 1693 190 1762 Ut¹
206 1693 298 1754 silicis
319 1695 402 1753 venis
424 1693 587 1754 abstrusum
611 1695 767 1755 excuderet
788 1697 894 1772 ignem.

144 1779 225 1839 luno
245 1778 329 1840 aluos
350 1781 472 1858 primum
494 1780 573 1840 ilurii
596 1797 718 1840 sensere
738 1789 866 1856 eavatas,

145 1863 248 1924 Navita
269 1873 328 1924 tum
351 1863 445 1924 stellis
466 1881 603 1925 numeros
626 1875 656 1926 et
676 1869 793 1926 nomina
816 1867 895 1942 feeit,

145 1949 289 2026 Pleiadas,
312 1949 428 2027 Hyadas
452 1951 617 2030 claramque
638 1952 782 2028 Lycaonis
804 1951 931 2026 Arot0u3

144 2036 215 2096 Tum
237 2035 350 2115 laqueis
373 2045 491 2116 oaptare
512 2037 590 2097 ieras
614 2048 643 2098 et
664 2038 766 2098 fallere
789 2041 871 2098 visoo

143 2123 303 2199 Inventum,
321 2131 355 2184 'et
376 2141 499 2202 magnos
522 2123 642 2184 eanibus
666 2123 844 2184 circumdare
866 2123 973 2198 saltus,

144 2211 242 2288 Atque
263 2209 337 2270 alius
358 2209 445 2271 latum
468 2209 554 2271 lunda
576 2213 634 2272 iam
654 2211 789 2274 verberat
810 2207 932 2285 amnem,

47 2297 49 2302 '
83 2371 87 2378 ι
144 2295 213 2358 Alta
233 2306 348 2376 petens,
370 2295 537 2377 pelagoque
559 2297 632 2358 aliens
654 2297 741 2357 trahit
762 2295 877 2356 humida
899 2295 968 2357 lina.

107 2407 112 2423 ¹
144 2381 215 2442 'lum
238 2382 309 2442 ierri
330 2385 412 2460 rigor
434 2392 521 2462 atque
543 2391 663 2461 argutae
684 2381 791 2442 lamina
813 2399 912 2442 serrae
933 2409 953 2428 -

144 2466 217 2526 Nam
238 2468 323 2546 primi
346 2466 446 2528 cuneis
462 2468 640 2530 scindebant
661 2468 753 2529 fissile
774 2467 883 2546 lignum
906 2497 925 2513 -

144 2551 216 2628 'lum
236 2555 335 2612 variae
356 2571 464 2615 venere
486 2563 574 2616 artes.
596 2553 692 2616 babor
713 2557 809 2614 omnia
831 2555 901 2614 vioit

143 2637 295 2718 lmprobus
319 2639 458 2716 et'duria
470 2648 597 2718 urguens
619 2643 648 2700 in
670 2640 757 2700 rebus
780 2650 909 2718 egestas.

144 2725 239 2787 Prima
262 2722 352 2786 Genea
375 2725 453 2786 lerro
475 2727 612 2788 mortales
634 2735 749 2786 vertere
770 2735 877 2787 terram
945 2795 952 2802 q

144 2811 289 2892 instituit,
302 2827 366 2870 eum
389 2812 590 2890 temptandos
612 2821 699 2892 atque
721 2811 822 2874 arbuta
844 2827 947 2874 saonae

80 2945 82 2950 .
146 2898 313 2964 Delieerent
334 2895 426 2957 silvae
448 2907 478 2958 et
498 2900 605 2959 vietum
626 2899 750 2960 Dodona
772 2908 904 2978 negaret.

146 2983 215 3043 bion
237 2993 267 3044 et
288 2982 437 3044 frumentis
459 2983 542 3047 labor
564 2983 687 3062 additus,
715 2993 747 3046 ut
767 2985 843 3054 mala
865 2983 976 3046 oulmoe
1127 2998 1175 3052 150
1205 2979 1206 2996 ¹

62 3128 63 3132 ,
101 3099 111 3108 -
144 3068 234 3130 Estet
254 3069 358 3148 robigo
382 3071 540 3148 segnisque
561 3067 693 3132 horreret
714 3073 744 3132 in
765 3074 844 3133 arnis

146 3181 205 3238 lul.
223 3184 305 3250 Pater,
329 3188 346 3250 1.
364 3185 394 3237 Α.
416 3181 442 3248 2,
459 3179 640 3250 6171-lnn.
674 3181 736 3256 aaa]
756 3215 791 3226 -
810 3185 869 3242 151.
885 3197 962 3253 esset,
980 3201 1005 3243 a.
1018 3188 1108 3253 edire,
1126 3191 1173 3258 tqi.
1203 3183 1206 3212 ³

146 3254 268 3321 ipseque,
291 3257 342 3308 uno
359 3266 409 3309 aon
427 3251 506 3319 tabo,
530 3253 547 3317 a.
565 3253 595 3306 a.
613 3251 639 3314 r,
673 3252 704 3304 a.
722 3251 811 3322 soe]
829 3285 863 3294 -
976 3319 981 3326 ,
