2412 3630
133 195 241 264 tet·
320 216 322 222 ·
417 151 501 254 anu.
519 193 757 270 uenenum
777 187 932 248 reo-ne.
1039 221 1041 226 -

132 333 201 396 Diva
225 333 325 406 deam⁰
358 334 476 412 stagnis
493 353 570 416 quae
591 333 821 416 fluminibusque
843 321 983 395 sonoris)
1090 319 1097 327 ’

133 419 281 482 Praesidet
303 453 323 467 -
346 419 424 480 hunc
447 421 487 480 iiii
511 440 560 480 rex
582 417 707 480 suberis
729 419 807 481 aitus
829 418 968 480 honorem
1122 431 1176 480 tro
1196 446 1197 484 ι

26 535 29 540 ·
81 549 88 566 ,
133 507 378 588 iuppitererepta
401 526 454 586 pro
477 506 640 584 virginitate
662 502 790 566 sacravit
813 525 871 563 -ε

131 591 279 674 Nympha,
295 591 387 652 decus
410 591 582 664 fluviorum,
612 591 709 651 animo
731 591 896 670 gratissima
919 600 1036 663 nostro,

132 677 214 747 Scis,
245 687 277 736 ut
298 685 326 737 te
348 678 461 738 cunctis
484 695 587 750 unam,
617 695 821 758 quaecumque
844 676 961 738 Latinae

133 763 309 841 Magnanimi
333 763 409 822 iovis
433 761 577 840 ingratum
601 761 761 822 ascendere
782 762 894 833 cubile,

133 841 323 908 Praetulerim
346 846 479 928 caelique
502 847 607 908 iubens
629 848 657 908 in
680 858 762 928 parte
784 847 919 918 iocerima

132 934 339 1008 Discetuum,
369 951 405 992 ne
428 947 475 992 me
497 933 631 1006 incuses}
663 932 794 1009 Iuturna,
824 931 965 994 dotorem.

62 1056 64 1064 ·
133 1017 197 1089 Qua
219 1017 281 1079 visa
303 1027 348 1078 est
370 1018 482 1078 fortuna
503 1020 562 1099 pati
586 1019 754 1099 Parcaeque
776 1018 908 1080 sinebant

134 1103 244 1164 Cedere
266 1123 315 1164 res
337 1103 431 1174 Latio,
462 1105 591 1164 Turnum
614 1114 643 1164 et
665 1113 714 1163 tua
736 1105 847 1164 moenia
870 1104 942 1164 texi·
985 1129 992 1142 ·

133 1187 248 1250 Nunc
240 1209 374 1250 iuvenem
397 1189 557 1288 imparibus
580 1189 664 1250 video
685 1207 864 1249 concurrere
884 1189 965 1267 tatis,

134 1265 361 1356 Parcarumque
373 1265 436 1336 dies'
457 1284 486 1337 et
508 1276 552 1336 vis
575 1275 690 1334 inimica
714 1275 918 1356 pronpinquat.

133 1359 197 1420 Non
213 1380 341 1442 pugnam
356 1361 487 1444 aspicere
503 1360 702 1433 nauseantis,
725 1379 783 1420 non
799 1360 913 1420 foedera
930 1379 1062 1441 possum.

89 1489 93 1512 .
134 1447 193 1516 Tu,
224 1467 276 1528 pro
298 1467 438 1526 germano
460 1447 485 1508 si
509 1445 579 1528 quid
601 1446 783 1527 praesentius
805 1445 906 1520 audes,
955 1509 962 1524 ,

135 1530 243 1612 Perge3
274 1532 365 1594 decet.
410 1533 517 1593 Forsan
541 1533 664 1593 miseros
687 1531 806 1592 meliora
830 1540 997 1613 sequentur.
1068 1573 1071 1580 ·

134 1617 188 1677 Vir
210 1638 259 1692 ea,
289 1639 358 1678 cum
382 1617 515 1686 lacrimas
537 1617 633 1679 oculis
655 1617 772 1696 iuturna
794 1617 937 1698 protudit,

61 1753 64 1757 .
134 1701 247 1782 Terque
269 1713 539 1784 quaterquemanu
562 1711 663 1785 pectus
684 1703 829 1782 percussit
850 1701 1014 1766 honestum.

134 1787 199 1848 Non
223 1787 350 1850 lacrimis
372 1788 430 1848 hoc
451 1798 583 1868 tempuS,
613 1788 652 1848 ait
674 1787 808 1848 Saturnio
832 1785 918 1864 iun03

109 1873 286 1948 'Accelerm
315 1883 343 1945 et
366 1873 496 1944 fratrem,
527 1873 551 1934 si
574 1874 641 1954 quis
664 1872 784 1945 modus,
813 1873 893 1952 eripe
914 1874 1016 1950 mertia

133 1959 191 2022 Aut
212 1969 241 2020 tu
266 1958 340 2020 belia
363 1959 407 2019 cie
430 1968 661 2039 conceptumque
682 1967 786 2020 excute
808 1957 921 2020 foedus.

133 2046 244 2108 Auctor
266 2065 322 2126 ego
344 2043 483 2105 audendi:¹
522 2043 571 2104 Sic
593 2043 740 2104 exhortata
764 2043 881 2142 reliquit
968 2119 972 2126 Ι
1002 2037 1003 2046 ’

134 2131 276 2194 lacertam
299 2139 343 2192 et·
349 2131 421 2192 tristi
445 2129 588 2191 turbatam
610 2128 731 2190 uulnere
753 2131 867 2190 mentis.

221 2219 330 2278 interea
352 2236 453 2297 reges,
482 2216 590 2294 ingenti
613 2215 691 2275 moie
713 2215 830 2277 Latinus

134 2302 316 2386 Quadriiugo
338 2302 453 2365 vehitur
474 2321 578 2372 curru,
608 2301 656 2360 oui
679 2310 810 2382 tempora
832 2299 943 2360 circum

132 2391 232 2450 Aurati
255 2389 300 2450 bis
322 2409 374 2450 sex
396 2388 467 2449 radii
491 2387 628 2486 fulgentia
650 2386 785 2464 cingunt,

133 2473 212 2535 Solis
234 2474 280 2533 avi
303 2475 467 2555 specimenq
496 2473 572 2551 bigis
595 2471 620 2541 it¹
637 2471 783 2532 Turnus
766 2491 804 2530 ιιι
826 2469 917 2548 albis,

133 2559 204 2619 Bina
227 2577 314 2619 manu
338 2559 396 2619 leto
420 2559 551 2640 crispans
574 2556 687 2618 hastilia
710 2556 795 2616 terro.

132 2643 215 2706 Hinc
212 2652 310 2726 pater
331 2643 458 2710 Aeneas,
488 2644 633 2704 Romanae
655 2641 752 2722 stirpis
774 2642 873 2739 origo,

133 2729 253 2792 Sidereo
275 2728 403 2806 flagrans
425 2730 519 2811 clipeo
540 2737 569 2788 et
590 2726 764 2788 caelestibus
786 2728 890 2800 armis,

133 2817 198 2878 Et·
191 2801 267 2875 ,ιἰιιῑιι
289 2813 447 2887 Ascanius,
477 2833 602 2892 magnae
614 2831 692 2912 spes
714 2811 803 2873 altera
826 2813 951 2887 Romae,

134 2900 297 2962 Procedunt
319 2899 437 2967 castris,
468 2913 600 2996 puraque
623 2899 650 2957 in
675 2905 754 2958 veste
776 2897 915 2960 sacerdos

39 3065 42 3074 ¹
133 2985 256 3066 Setigeri
280 2985 367 3046 ictum
390 2982 454 3044 suis
477 2985 678 3065 intonsamque
702 2982 847 3044 bidentem
1058 2991 1066 3000 ‘
1119 2989 1176 3040 170

132 3097 192 3154 151
211 3101 313 3168 vinee,
333 3096 461 3166 eutptttu,
481 3110 533 3164 ιτς.
549 3099 642 3152 locutu
690 3103 853 3178 quaterque,
887 3099 943 3162 1.1
980 3093 1176 3168 91]-163.

90 3199 96 3214 .
133 3175 205 3233 eret,
225 3174 277 3237 opt
296 3175 320 3233 2
340 3162 444 3236 12]-
411 3161 523 3218 -155.
544 3171 641 3270 terque
688 3164 813 3230 bissex,
835 3167 893 3232 i·¹
899 3133 1015 3235 711-
1041 3163 1100 3219 1115.
1120 3165 1175 3220 tuit

242 3273 269 3308 ἢ
