2416 3634
259 191 264 203 ‘
349 159 845 276 numerumque-stt.
980 215 988 236 ι
1058 209 1100 276 u

56 341 222 405 Dardaniam
244 341 343 406 Sieulo
365 343 512 424 prospexit
532 343 569 404 ab
591 351 686 427 usqtre
708 343 853 428 Pachyno.

55 429 146 490 Moliri
168 431 225 491 iam
247 437 322 490 teota
344 428 436 503 videt,
465 430 522 490 iam
545 429 634 490 fidere
654 439 757 504 terrae,
884 469 886 476 ι
1035 444 1098 497 m
1128 451 1141 464 ‘⁴

24 535 30 547 ¹
55 516 223 578 Deseruisse
244 517 331 578 rated.
375 513 458 576 Stetit
479 515 537 584 aori
560 516 615 576 fixa
637 515 747 577 dolore.

56 603 125 663 Tum
146 609 291 680 quassans
312 609 400 681 caput
421 599 494 660 baeo
516 598 636 661 effundit
657 611 773 683 pectore
794 601 885 664 diota:

57 690 118 764 Heu
139 688 259 769 stirpem
280 687 402 748 invisam
424 693 464 747 et
474 685 544 750 latis
560 687 702 748 contraria
724 689 860 752 nestris

57 760 122 834 Fata
122 769 307 865 Phrygum!
340 793 407 848 num
429 772 525 852 Sigeis
546 773 720 834 oeoumbere
742 774 869 854 campie,

57 849 132 918 Num
151 859 227 940 cepti
249 869 376 940 potuere
389 856 474 957 eapi‘l
503 857 610 918 Num'
602 877 719 921 incensa
740 859 882 920 cremavit
1031 867 1095 922 m

57 945 136 1005 Troia
159 941 259 1006 viros?
289 943 400 1005 medias
420 945 500 1005 aeies
522 943 693 1024 mediosque
715 965 766 1024 per
788 945 871 1024 ignes
1136 957 1138 964 ’

56 1029 190 1092 Invenere
211 1029 298 1091 viam
341 1031 391 1105 At,
420 1029 523 1102 oredo,
551 1049 616 1090 mee
638 1027 756 1091 numina
777 1030 893 1092 tandem

58 1116 140 1176 Fessa
162 1115 270 1195 iacent,
283 1113 371 1176 odiis
392 1124 443 1175 aut
463 1123 624 1176 exsaturata
646 1115 786 1196 quievi-

57 1198 129 1270 Quin
151 1191 237 1261 etiam
259 1201 351 1282 patria
373 1189 516 1267 exeussds
538 1200 640 1262 inlesta
656 1219 714 1280 per
735 1199 828 1262 undas
1063 1257 1071 1266 „
1111 1245 1113 1248 -

59 1286 130 1348 tusa
154 1285 239 1368 sequi
260 1295 290 1346 et
305 1285 443 1366 profugis
465 1295 524 1346 toto
545 1305 592 1346 me
614 1305 760 1366 opponere
782 1293 887 1368 ponto;
1034 1295 1112 1348 tut,

59 1371 259 1451 ilbsumptae
251 1391 280 1431 ιιι
303 1372 431 1433 Teucros
452 1372 531 1432 vires
551 1371 682 1453 caelique
702 1372 858 1453 marisque

56 1453 130 1526 Quid
152 1455 253 1538 Syrtes
274 1465 325 1517 aut
345 1455 440 1540 Scylla
463 1456 547 1528 mihi,
576 1455 648 1537 quid
670 1465 750 1517 vasta
771 1455 932 1538 Charybdis

61 1479 192 1602 Profuit?
213 1542 317 1625 Optato
338 1542 502 1603 conduntur
524 1541 675 1624 Thybridis
697 1541 789 1616 alveo,

63 1623 154 1688 Securi
176 1627 280 1708 pelagi
294 1637 383 1709 atque
403 1629 469 1700 mei.
514 1627 592 1689 blars
614 1626 734 1726 perdere
755 1629 902 1726 qentem

65 1711 211 1774 lmmanem
234 1713 386 1794 Lapithum
409 1714 512 1788 valoit3
550 1714 695 1774 concessit
716 1714 744 1773 in
766 1713 851 1774 iras
1035 1719 1095 1772 ³⁰⁵

67 1796 122 1877 lpse
140 1798 227 1860 deum
250 1799 395 1880 antiquam
417 1800 531 1878 genitor
552 1794 698 1882 Calydona
721 1799 845 1860 Dianae·
1117 1849 1126 1858 .

68 1880 141 1953 Quod
162 1884 263 1946 scelus
284 1894 334 1944 aut
355 1885 489 1964 Lapithas
511 1893 619 1945 tanturn
641 1894 692 1946 aut
713 1884 860 1984 Calydone
881 1865 1059 1979 merentem?
1173 1894 1178 1906 ‘

63 1968 106 2030 Ast
125 1989 196 2049 ego,
227 1990 331 2050 magna
352 1971 444 2031 lovis
451 1971 571 2042 coniux,
600 1970 641 2030 nil
663 1971 823 2075 linquere
815 1985 951 2032 mausum

63 2053 134 2124 Quae
156 2057 237 2138 potui
259 2056 372 2127 infelix,
401 2073 477 2136 quae
498 2065 604 2116 memet
625 2057 655 2116 in
677 2058 773 2117 omnia
781 2046 877 2127 verti,
1004 2058 1006 2062 ’

60 2139 160 2201 Vineor
181 2141 218 2202 ab
240 2139 348 2203 Aenea!
379 2140 464 2212 Quod
486 2142 512 2204 si
532 2161 597 2202 mea
619 2143 736 2202 numina
757 2161 815 2201 non
836 2147 905 2202 sunt
960 2173 962 2180 ν
1032 2147 1108 2199 oro,
1175 2151 1178 2157 '

61 2223 160 2306 blegne
168 2227 250 2297 satis,
273 2227 403 2288 dubitem
414 2227 492 2288 baud
503 2227 637 2310 equidem
649 2223 803 2308 implorare
815 2223 895 2316 quod
907 2243 1030 2306 usquam
1041 2231 1096 2292 osb

62 2311 229 2372 Flectere'
205 2331 231 2374 ει
253 2332 366 2394 nequeo
388 2313 530 2394 Superos,
559 2312 720 2374 Acheronta
743 2304 877 2372 movebo.

62 2393 118 2456 Non
143 2397 257 2458 dabitur
277 2400 390 2478 regnis,
419 2407 499 2472 este,
529 2398 681 2480 probibere
702 2397 858 2472 Latinis„

60 2482 146 2563 Atque
168 2484 286 2544 immola
306 2493 402 2546 manet
423 2485 489 2546 latis
511 2484 627 2548 Lavinia
650 2485 769 2545 coniux:

60 2565 90 2626 ltt
108 2569 234 2630 trahere
245 2579 331 2652 atque
353 2589 450 2632 moras
472 2572 556 2660 tantis
579 2570 644 2631 lioet
665 2570 771 2632 addere
793 2568 891 2644 rebus,
929 2610 931 2616 ι
1033 2571 1094 2632 316

63 2651 92 2711 lt
111 2655 180 2716 lioet
201 2655 352 2716 amborum
375 2655 499 2738 populos
521 2656 688 2717 exscindere
711 2674 824 2735 regum.
1009 2669 1011 2676 ’

60 2735 114 2800 llao
136 2747 227 2820 gener
248 2749 332 2824 atque
355 2760 438 2802 socer
460 2749 562 2802 entant
583 2740 716 2843 mercede
738 2759 869 2802 suorum.

62 2925 562 3062 ⁴lolmlllnllff-lllnnblo
588 2929 838 3064 tttl‘nltttt?
848 2921 1096 3054 ttttlntl
1144 2943 1149 2960 '

63 3063 336 3134 voluntatimette]—
348 3063 405 3121 302
424 3066 442 3128 1.
462 3071 484 3130 1,
500 3070 562 3132 1115
589 3069 640 3132 opt.
652 3067 735 3118 Hom.
747 3065 779 3116 ll.
791 3067 809 3115 9
830 3061 933 3126 530114
953 3059 1004 3112 Or.
1017 3060 1057 3112 bl.
1070 3059 1095 3124 8,
1086 3091 1122 3132 ,5

65 3129 245 3203 sweep]
261 3131 356 3201 eoae.
370 3133 484 3199 eonem
502 3102 562 3203 1μέ
588 3137 638 3187 ern
653 3131 747 3202 p...]
769 3101 827 3184 erl
844 3099 1096 3224 eudymo-
1103 3223 1106 3226 Ι
