2418 3640
197 259 229 278 Ι,
313 145 814 251 nen.n1hnu1n.v.rnr-ane,
885 171 887 175 '
998 205 1093 276 ‘81
1196 213 1199 220 .

35 329 102 410 lpsa
126 335 213 390 canat
233 345 397 410 uocemque
418 331 525 420 volens
541 339 629 413 atque
650 353 701 394 ora
723 335 860 398 resolvat.

35 415 87 475 llla
111 413 164 477 tibi
188 413 287 490 ltaliae
308 415 441 497 populos'
454 425 636 500 venturaque
658 418 767 495 bella,

36 499 85 573 Et,
108 519 173 580 quo
195 518 356 580 quemque·
366 501 455 562 modo
478 502 632 584 fugiasque
654 503 789 588 lerasque
812 507 956 581 lahorem,

36 584 193 665 Expediet,
215 599 383 668 cursusque
405 586 484 648 dabit
505 598 640 649 venerata
662 591 820 656 secundos.
933 615 937 620 ⁸

38 671 119 731 llaec
139 678 227 744 sunt,
257 690 334 751 quae
356 680 455 734 nostra
477 673 563 733 liceat
583 683 613 734 te
634 695 707 736 voce
728 678 850 739 moneri.

38 755 117 816 Vade
139 773 212 832 age,
243 764 273 815 et
294 757 441 836 ingentem
464 757 547 820 lactis
569 758 613 837 ler
634 760 671 820 ad
693 761 809 824 aethera
832 763 959 838 Troiam.

125 839 212 910 Quae
233 849 389 922 postquam
410 851 491 904 vates
513 845 558 927 sio
579 864 631 905 ore
653 845 758 909 ellatus
780 845 875 910 amieo
897 861 956 931 est,
986 917 994 927 ,

38 926 119 986 Dona
140 924 250 985 dehinc
272 946 344 986 auro
367 928 467 1007 gravia
489 935 629 1011 sectoque
651 931 805 1013 elephanto

39 1012 166 1090 Imperat
187 1009 225 1070 ad
246 1031 336 1088 nopes
358 1013 442 1087 lerri,
472 1014 616 1096 stipatque
638 1017 744 1079 carinis

38 1096 146 1176 lngens
171 1105 323 1176 argentum
346 1097 579 1180 Dodonaeosque
601 1101 726 1176 lebetas,
865 1172 872 1185 ε
951 1119 965 1160 t

40 1182 184 1260 Loricam,
196 1191 359 1243 consertam
382 1182 477 1246 hamis
499 1205 631 1267 auroque
653 1187 793 1264 trilicem,

39 1267 72 1326 Et
94 1286 203 1326 conum
225 1267 351 1347 insignis
373 1269 476 1347 galeae
498 1272 662 1352 cristasque
684 1282 848 1347 comantes,

40 1353 128 1412 Arma
148 1350 340 1432 Neoptolemi.
383 1354 458 1415 Sunt
478 1365 509 1415 et
529 1376 584 1417 sua
606 1356 682 1418 dona
705 1359 825 1439 parenti.

34 1437 258 1518 Addit‘equos,
288 1437 425 1521 additque
448 1439 553 1516 duces3

42 1522 209 1601 Remigium
231 1524 363 1604 supplet3
393 1525 491 1587 socios
513 1527 603 1588 simul
626 1527 742 1588 instruit
763 1529 862 1590 armis.

40 1601 45 1610 ’
126 1607 240 1668 lnterea
263 1609 388 1670 classem
410 1611 483 1672 velis
506 1621 605 1693 aptare
627 1612 746 1674 iubebat

42 1692 199 1770 drachmae,
229 1694 312 1754 lieret
333 1704 419 1755 vento
443 1716 525 1756 mora
548 1717 585 1756 ne
607 1717 665 1777 qua
687 1696 799 1758 ferenti.
827 1707 833 1712 '
890 1705 894 1712 ’
917 1766 918 1772 q

43 1777 137 1848 Quem
161 1777 273 1838 Phoebi
297 1780 439 1861 interpres
463 1782 555 1842 multo
578 1783 735 1864 compellat
756 1783 879 1846 honore:

43 1863 205 1942 Coniugio,
228 1863 371 1938 Anchisa,
401 1866 520 1928 Veneris
544 1867 661 1946 dignate
683 1869 830 1949 superbo,

43 1949 119 2010 Cura
142 1947 249 2023 deum,
279 1950 325 2010 bis
348 1951 516 2029 Pergameis
538 1962 642 2032 erepte·
658 1955 767 2028 ruinis,

43 2035 117 2095 Ecce
140 2033 194 2093 tihi
216 2035 362 2117 Ausoniae
384 2037 485 2112 tellus,
517 2037 593 2097 hanc
615 2039 710 2118 arripe
727 2038 815 2110 'velis

45 2121 77 2180 Et
98 2129 198 2204 tamen
221 2119 297 2180 hanc
318 2121 425 2201 pelago
448 2123 660 2203 praeterlabare
682 2143 806 2185 necesse
827 2132 886 2185 est:

44 2205 194 2266 Ausoniae
216 2225 285 2285 pars
308 2205 357 2266 illa
375 2207 497 2287 procul,
527 2229 615 2289 quam
638 2208 738 2288 pandit
758 2208 871 2288 Apollo.

44 2289 137 2362 Vade,
168 2291 225 2364 ait,
255 2311 274 2350 o
296 2291 364 2351 lelix
386 2293 443 2352 nati
466 2293 580 2372 pietate.
625 2292 703 2363 Quid
726 2293 815 2352 ultra¹

10 2376 15 2389 '
47 2374 198 2437 Provehor
218 2384 248 2436 et
269 2375 356 2436 lando
379 2387 533 2457 surgentes
556 2378 693 2438 demoror
714 2373 850 2438 austros?

2 3095 5 3192 l

2 3230 11 3296 t

2 3318 13 3423 ,
116 3361 124 3374 .

46 2461 107 2522 Nec
130 2461 231 2522 minus
252 2461 469 2535 Andromache,
503 2459 638 2543 digressu
662 2471 771 2524 maesta
794 2481 948 2543 supremo,

48 2548 112 2607 Fert
134 2547 295 2626 picturatas
318 2548 380 2608 auri
404 2548 568 2609 subtemine
590 2545 688 2610 vestes
1127 2609 1130 2618 ,

48 2631 82 2692 Et
105 2631 265 2712 Phrygiam
288 2633 412 2694 Ascanio
435 2633 633 2716 chlamydem,
663 2653 718 2694 neo
739 2633 815 2693 cedit
836 2631 960 2706 honori,
1055 2685 1059 2692 .

48 2715 266 2798 Textilibusque
288 2727 388 2778 onerat
410 2718 512 2798 donis,
542 2739 577 2779 ao
598 2719 666 2779 talia
690 2719 780 2778 latur:
1042 2721 1105 2774 4811

49 2803 157 2884 Accipe
179 2801 317 2874 ethaeo,
341 2823 481 2886 manuum
502 2804 554 2864 tibi
577 2824 652 2884 quae
674 2812 861 2864 monumenta
882 2819 1014 2862 mearum

50 2950 137 3016 ottho
159 2949 207 3017 lida
223 2951 353 3024 aarum
376 2965 407 3020 gu
429 2952 504 3020 boten
525 2965 566 3018 ge:
592 2969 665 3022 arg,
684 2953 702 3016 t.
717 2954 740 3017 1,
752 2950 815 3034 dtu]
839 2979 873 2990 -
896 2947 956 3002 484.
974 2945 1109 3030 necpedlt

49 3019 161 3074 lommttt
183 3017 285 3087 mortu]
317 3049 344 3059 —
379 3017 440 3073 464.
460 3019 567 3087 gravii,
595 3019 698 3086 (donis)
717 3015 921 3084 honoraludttrl.
934 3019 1058 3079 Heleni),
1076 3014 1123 3078 ile,

50 3104 68 3140 a
79 3087 153 3152 burda
166 3087 205 3142 tie
217 3087 365 3156 ttrtis‘tnng
383 3091 411 3154 (o
430 3091 448 3142 t.
464 3093 487 3154 t,
501 3089 567 3152 ³⁰⁸3
594 3089 658 3155 ttett
681 3089 747 3156 utdpt
770 3087 828 3152 nod)
853 3089 896 3141 bet
914 3089 977 3154 (ooo
989 3085 1109 3164 'batenus

50 3158 75 3222 u,
88 3156 194 3224 unp-to
208 3158 250 3223 12,
264 3153 328 3224 otu]
348 3185 380 3196 -
398 3155 430 3210 1·
452 3156 569 3226 dagans
596 3157 753 3224 remittetur)
767 3155 844 3226 dhre,
858 3157 883 3210 t.
894 3154 913 3210 t.
926 3155 957 3222 tit
969 3153 1037 3220 steht
1050 3150 1110 3209 etto

101 3255 181 3308 virgil.
209 3256 246 3299 ed.
260 3255 358 3300 Frennd.
385 3256 402 3300 l.
868 3281 871 3292 .
885 3251 904 3309 θ
