2412 3630
111 227 175 296 teo
240 253 245 262 ·
402 231 485 285 asu.
503 229 681 284 ursanus
697 225 896 284 eru-m,

110 373 173 432 llac
194 371 308 433 iuvenis
331 371 429 432 furtim
450 372 559 432 celeres
581 370 734 449 detorquet
756 369 895 431 habenas.
1098 379 1155 428 ⁷65

99 458 176 518 -llos
198 456 295 518 aditus
317 457 433 539 iamque
454 457 509 518 hos
529 457 625 515 aditus
648 474 825 536 omnemque
846 465 975 534 pererrat

110 541 247 625 Undique
269 543 436 614 circuitum,
465 551 493 601 et
513 549 620 600 certam
643 542 735 620 quatit
757 543 909 622 improbus
932 541 1054 602 hastam.

115 629 198 690 Forte
219 647 305 690 sacer
326 628 451 709 Cybelae
473 625 616 685 Chloreus
637 626 767 706 olimque
789 625 932 688 cacerdos

60 703 67 720 ”
113 713 241 794 insignis
264 714 349 792 longe
372 712 504 792 Phrygiis
526 709 654 789 fulgebat
675 711 703 770 iu
726 713 833 783 armis,

113 798 361 880 Spumantemque
382 796 509 876 agitabat
530 815 654 877 equum,
684 817 772 878 quem
796 797 881 876 pellis
901 796 1004 858 ahenis
1100 803 1155 854 ⁷⁷⁰
1179 791 1182 798 '

114 885 145 944 ln
168 884 294 964 plumam
317 881 447 963 squamis
469 901 541 942 auro
563 891 695 942 conserta
717 883 841 962 tegebat.
902 917 914 943 ι

109 969 194 1050 lpse,
227 967 380 1050 peregrina
402 967 552 1044 ferrugine
571 969 668 1028 clarus
690 976 834 1043 atesim,

112 1051 231 1133 Spicula
254 1051 405 1132 torquebat
428 1052 515 1134 Lycio
536 1053 675 1134 Gortynia
697 1073 805 1128 cornu3
876 1046 896 1076 ·’

113 1139 227 1200 Aureus
249 1155 284 1197 ex
306 1137 434 1198 humeris
456 1150 538 1199 sonat
559 1157 645 1198 arcus
667 1148 696 1198 et
717 1158 805 1198 aurea
827 1140 885 1198 vati
947 1145 950 1150 ’

114 1221 250 1296 Caesida;
273 1232 335 1283 turn
356 1243 491 1284 croceam
513 1223 754 1306 chlamydemque
776 1225 920 1304 sinusque
934 1232 1084 1306 crepantes
1100 1229 1158 1280 tte

115 1307 279 1370 Carbaseos
301 1308 381 1369 lulvo
404 1310 431 1368 in
455 1309 564 1369 nodum
587 1310 744 1388 collegerat
760 1329 854 1379 auro,

113 1393 214 1458 Pictus
236 1413 291 1454 acu
314 1395 425 1456 tunicas
448 1405 476 1454 et
498 1395 619 1456 barbara
641 1396 767 1474 tegmina
790 1415 919 1459 crurum.

115 1479 202 1540 llunc
224 1479 322 1558 virgo,
352 1481 415 1549 sire
438 1490 468 1540 ut
490 1481 606 1560 templis
629 1483 801 1559 praefigeret
823 1500 903 1540 arma

113 1563 213 1636 Troia,
241 1567 354 1646 captivo
376 1566 439 1627 sive
461 1573 492 1625 ut
514 1586 546 1626 se
568 1567 654 1626 ferrat
675 1567 703 1625 in
726 1571 814 1634 au’rc,

115 1649 248 1710 Venatrix
272 1671 361 1710 uuum
385 1643 518 1722 semmei
541 1653 833 1732 certaminepugnac

116 1733 210 1796 Caeca
233 1735 424 1816 sequebatur,
455 1745 603 1816 totumque
626 1739 740 1796 incauta
764 1737 814 1816 p'er
836 1755 940 1814 agmen

117 1821 253 1882 Femineo
276 1821 400 1902 praedae
422 1830 450 1880 et
471 1822 633 1902 spoliorum
656 1819 774 1881 ardebat
795 1841 910 1881 aurore:

116 1905 218 1966 Telum
240 1926 275 1966 ex
298 1905 410 1966 insidiis
433 1925 500 1969 cum
524 1906 637 1966 tandem
660 1916 790 1988 tempore
812 1916 897 1988 capto
950 1913 960 1928 ⁸

117 1991 251 2052 Concitet
273 2000 301 2052 et
322 2010 447 2073 superos
469 1992 579 2052 Arruns
602 1993 646 2052 sic
667 2011 739 2052 voce
762 2002 910 2073 precatur:
1011 2044 1022 2070 ,ι

117 2077 240 2138 Summe
262 2077 364 2148 deum,
394 2077 485 2138 sancti
503 2087 608 2138 ,custos
630 2077 758 2138 Soractis
781 2077 899 2158 Apollo,
991 2117 994 2126 ι

118 2161 214 2235 Quem
236 2163 320 2243 primi
342 2162 481 2234 colimus,
512 2165 560 2223 cui
584 2165 686 2244 pineus
708 2163 793 2224 ardor
815 2182 920 2224 acervo
991 2188 995 2198 ‘

119 2248 265 2323 Pascitur,
294 2257 323 2310 et
345 2249 471 2309 aredium
496 2250 560 2309 lreti
583 2251 686 2332 pietate
709 2269 760 2331 per
782 2250 879 2326 ignem

118 2333 253 2394 Cultores
277 2334 366 2396 uiuite
388 2336 548 2416 premimus
571 2336 689 2415 vestigia
714 2355 821 2415 pruna,

120 2419 178 2490 Da,
208 2417 306 2494 Pater,
336 2419 393 2480 boc
415 2423 521 2481 nostris
543 2421 651 2481 aboleri
675 2421 802 2481 dedecus
824 2419 927 2490 armiS,

70 2575 77 2584 ¹
119 2504 321 2584 Omnipotens.
366 2505 430 2566 Non
452 2507 571 2567 exuvias
594 2507 731 2586 pulsaeve
753 2515 902 2586 tropaeum
968 2543 973 2548 -

121 2589 247 2668 Virginis
269 2597 318 2649 aut
339 2592 433 2670 spolia
457 2591 514 2650 ulla
537 2601 616 2672 peto3
647 2593 717 2652 mihi
739 2601 833 2650 cetera
857 2588 972 2650 laudern

123 2677 208 2736 Facta
231 2675 335 2749 lerent3
366 2675 438 2738 haec
461 2677 522 2736 dira
545 2678 703 2738 mendum
727 2677 845 2737 vulnere
868 2674 958 2754 pestis

95 2811 100 2822 .
124 2761 212 2824 Pulsa
235 2760 329 2830 cadat,
361 2762 467 2840 patrias
490 2759 630 2824 remeabo'
648 2763 789 2842 inglorius
813 2761 909 2822 urbes

123 2847 221 2908 Audiit
241 2856 269 2906 et
290 2847 348 2906 voli
372 2846 507 2908 Phoebus
530 2849 687 2909 succedere
710 2857 819 2929 partem

125 2931 220 2994 Mente
242 2931 333 3006 dedit,
363 2941 472 3013 partem
493 2933 629 2996 volucres
651 2934 786 3016 dispersit
808 2935 835 2992 iu
859 2949 960 2992 aurasz

123 3015 271 3079 Sterneret
289 3026 325 3104 *ut
346 3019 438 3082 subite
460 3017 603 3080 turbatam
626 3030 717 3081 morte
740 3019 907 3093 Camillam,
1009 3059 1014 3064 -

114 3177 242 3274 'tdutetg
275 3207 393 3274 tritoitae
420 3207 472 3261 teor
500 3199 632 3272 theidtdt]
652 3231 686 3242 -
750 3209 752 3214 ·
821 3237 824 3242 ,
