2418 3640
22 271 24 280 Α
99 221 170 296 ,ω
249 197 264 233 ·'
328 251 360 308 3
418 217 688 310 enumerari.
707 174 900 274 aras-rea.
1075 189 1143 214 “¹

127 359 240 444 Iphitus
261 365 290 418 et
312 355 408 424 Pelias
429 353 562 431 mecum,
591 377 716 438 quorum
740 343 851 441 lplnitue
874 379 947 422 aevo

126 443 345 522 lamgravior,
374 442 470 506 Pelias
492 453 521 506 et
542 442 663 506 vulnere
684 443 786 506 tardus
810 444 900 521 Ulixip

58 535 64 544 '
126 530 263 592 Protinus
285 527 323 588 ad
346 528 432 592 sedes
454 528 561 605 Priami
583 529 714 592 clamore
735 531 843 590 vocati.
876 573 881 582 .

93 606 181 682 'llic
204 635 274 676 vero
296 615 442 694 ingentem
464 634 611 695 pugnam,
641 634 696 676 ceu
719 625 815 676 cetera
838 634 984 698 nusquam

112 702 205 763 'Bella
230 700 336 774 iorem,
365 699 437 760 nulli
459 709 520 762 tota
542 709 731 780 morerentur»
745 700 774 760 in
798 700 899 775 urbe„

127 787 177 849 Sic
199 785 320 848 Martem
343 784 515 846 indomitum
538 786 714 866 Danaosque
734 786 772 848 ad
793 795 867 848 tecta
886 791 1007 848 'ruentes
1038 853 1041 859 ,

85 941 97 952 ,
128 872 283 934 Cernimus
305 869 521 952 obsessumque
542 880 606 935 acta
629 868 774 932 testudine
796 872 894 932 limen.

126 958 255 1018 llaerent
275 955 437 1040 parietibus
458 955 572 1030 scalae,
601 965 762 1037 postesque·
781 956 838 1018 sub
861 957 944 1038 ipsos
1060 1018 1063 1026 ,

125 1041 262 1115 Nituntur
284 1040 439 1121 gradibus,
469 1041 638 1122 clipeosque
660 1041 697 1102 ad
719 1041 774 1102 teln
796 1041 923 1104 sinistris

126 1127 253 1194 Protecti
276 1126 431 1199 obiiciunt,
461 1135 600 1206 prensant
621 1125 738 1206 fastigia
760 1126 877 1188 dextris.

125 1209 307 1272 Dardanidae
329 1219 429 1279 contra
452 1219 546 1282 turres
569 1231 604 1272 ac
626 1219 700 1273 tecta
723 1211 877 1272 domorum

126 1297 261 1358 Culmina
284 1291 466 1370 convellunt3
497 1295 543 1359 his
566 1315 614 1366 se,
645 1297 762 1378 quaudo
786 1297 886 1358 ultima
908 1305 1047 1374 ceruum,
1105 1313 1148 1346 ‘-

96 1382 259 1456 ‘Extrema
281 1382 340 1444 iam
362 1381 391 1442 in
414 1390 507 1442 morte
528 1391 629 1462 parant
651 1382 805 1459 deffendere
827 1382 909 1457 telis,
1200 1379 1201 1386 '

81 1494 85 1508 ¹
124 1469 306 1549 Auratasque
327 1465 440 1541 trabes,
470 1475 600 1528 veterum
623 1466 739 1530 decora·
753 1467 810 1529 alta
833 1476 1000 1550 parentum,
1049 1479 1054 1485 ’

125 1554 303 1627 Devolvont3
332 1552 381 1613 alii
405 1553 512 1614 strictis
534 1553 726 1614 mucronibus
749 1553 823 1614 imas

126 1637 276 1700 Obsedere
298 1637 390 1713 lores3
420 1637 481 1706 hes
496 1646 612 1698 servant
633 1639 749 1717 agmine
772 1637 874 1700 denso.

123 1722 279 1784 Instaurati
302 1722 390 1782 animi
412 1721 493 1800 regis
515 1739 688 1784 succurrere
710 1723 807 1798 tectis,

123 1808 297 1888 Auxilioque
319 1806 415 1866 lovere
439 1805 517 1867 viros
540 1807 659 1887 vimque
681 1808 787 1870 addere
809 1808 904 1868 victis,

210 1891 394 1952 limen'erat
415 1894 579 1971 caecaeque
602 1891 679 1956 sores
701 1903 730 1954 et
751 1893 868 1973 pervius
892 1910 966 1970 usus

124 1979 277 2056 Tectorum
299 1976 374 2038 inter
395 1994 428 2038 se
450 1975 573 2052 Priami,
605 1987 764 2059 postesque
784 1978 877 2040 relicti

53 2095 60 2112 ι
122 2063 268 2141 Atergo‚
298 2060 396 2122 infelix
418 2081 477 2142 qua
499 2081 547 2135 se,
577 2061 949 2144 dum'regna'manelrant,
975 2130 982 2139 ,

122 2146 246 2236 §sepius
268 2146 470 2208 Andromache
493 2145 569 2208 lerre
591 2148 893 2210 incomitatasolcbat
983 2192 1005 2204 Ι.

121 2233 165 2294 Ad
187 2251 309 2294 soceros
331 2241 359 2293 et
380 2253 442 2294 avo
457 2250 581 2314 puerum
603 2233 774 2316 Astyanacta
796 2233 936 2296 trahebat

121 2318 221 2380 Evado
243 2318 409 2379 adsummi
433 2319 548 2398 fastigia
571 2318 723 2392 culminis,
755 2318 832 2380 unde
946 2323 949 2330 '

49 2451 57 2476 ,
121 2403 187 2464 Tela
210 2423 299 2464 manu
323 2405 421 2465 miseri
445 2404 589 2466 iactabant
611 2405 690 2466 irrita
713 2397 826 2464 Teucri.
1200 2459 1201 2504 q

28 2491 34 2504 ‘
121 2489 234 2548 Turrim
256 2489 285 2546 in
308 2489 457 2568 praecipiti
480 2497 604 2550 stantem
626 2489 811 2569 summisque
834 2489 891 2552 sub
914 2500 991 2552 astra
1113 2485 1201 2568 46'03

120 2572 262 2634 Eductam
284 2574 382 2646 tectis,
414 2572 490 2634 unde
512 2575 607 2635 omnis
630 2575 712 2634 Troia
735 2573 850 2638 videri.
1200 2597 1201 2602 ¹

61 2726 63 2731 s
120 2659 156 2719 Et
176 2659 309 2721 Danaum
332 2658 436 2719 solitae
457 2677 546 2720 naves
569 2668 597 2720 et
618 2659 726 2722 Achaia
750 2669 861 2732 castra,

42 2806 46 2810 .
119 2743 260 2832 Aggressi
284 2743 360 2804 lerro
382 2744 507 2818 circum,
537 2765 597 2825 qua
620 2764 735 2806 summa
759 2744 890 2805 labantes

118 2875 153 2958 ξ
175 2910 316 2962 fortunam
345 2895 454 2978 pugnae
483 2927 545 2962 cunr
574 2912 630 2964 lla-
656 2907 712 2979 lin]
733 2939 766 2950 -
784 2908 844 2964 ttl.
864 2907 1194 2978 taruannensem

53 3017 61 3038 ;
117 2977 190 3048 nais]
201 2975 304 3030 -rstt
324 2982 383 3030 tota
399 2977 431 3030 in
447 2979 524 3046 urbe,
536 2979 582 3034 ni.
597 2993 630 3034 ar.
656 2983 701 3035 orn
715 2977 850 3049 &mittem
869 2979 894 3043 lo
906 2979 940 3030 A.
953 2979 981 3042 e,
1000 2983 1050 3030 noo
1064 2991 1091 3034 n.
1107 2981 1201 3052 omi

117 3047 297 3114 caldicotam
316 3047 440 3112 tinnulum
453 3045 570 3110 sontem
587 3051 630 3101 bct
654 3073 690 3086 -
707 3045 766 3104 453.
790 3063 942 3108 caecae:
962 3047 1078 3116 ignotus
1097 3049 1201 3120 eliis]

7 3115 9 3126 '
116 3115 316 3184 panareton&
327 3115 558 3182 boqtqraobtnffll.
566 3117 629 3180 421)
654 3145 689 3156 -
701 3111 759 3166 460.
772 3114 800 3167 in
811 3112 965 3182 praecipiti,
975 3117 1022 3180 oui
1031 3118 1076 3172 ber
1088 3115 1188 3190 inibe,
1200 3161 1201 3186 p

116 3183 328 3252 etostotuuroa,
340 3179 630 3264 oberenmunester
654 3183 683 3236 in
695 3181 764 3252 etto]
796 3211 830 3221 —
859 3171 919 3235 463.
937 3183 1113 3238 labantes:
1128 3205 1190 3242 ne-
