2412 3630
60 275 65 282 ¹
118 178 214 260 με’
396 190 481 246 ann.
500 139 724 246 murce.
743 186 897 246 rur-m

116 329 248 400 consitio
270 347 388 392 versare
409 329 494 394 dolos
515 331 666 410 ingressus
687 338 716 390 et
737 333 818 400 astu,
1126 390 1128 394 ,

117 415 221 497 Incipit
244 413 330 476 baeer
357 414 434 486 Quid
457 426 515 476 tam
538 416 707 496 egregium,
739 415 766 476 si
782 415 892 478 'femina
912 415 981 480 Tetti
1104 426 1160 476 tet

45 551 50 558 .
116 501 198 564 Fidis
220 497 318 582 equo‘t
347 501 461 562 Dimitte
477 501 590 579 sugam,
620 511 648 561 et
669 509 697 561 te
720 503 887 562 comminus
907 521 1005 584 aequo

116 585 238 648 bieoum
259 584 344 646 crede
365 586 429 646 soto
453 605 626 667 pugnaeque
648 587 769 666 accinge
792 586 937 668 pedestri:
1013 659 1016 666 ,

118 673 181 734 Tam
202 689 322 741 noscet,
351 681 471 732 ventosa
495 671 751 754 seratcui‘gioria
774 673 899 734 laudern.

12 796 19 802 -
85 753 88 760 ’
119 759 209 830 Dixitr
244 766 273 818 at
294 756 343 817 itta
365 757 464 818 tureos
486 757 605 838 acrique
627 777 751 818 accensa
773 754 893 820 doiorax

119 843 219 904 Tradit
239 862 349 924 equum
371 843 468 902 comiti
492 843 669 924 paribusque
691 843 798 904 resistit
820 845 850 902 in
871 845 976 922 armis,
1107 855 1160 906 tte

120 928 198 992 Ense
220 926 311 1010 pedes
332 927 425 999 nudo,
456 949 596 1009 puraque
611 929 736 989 interrita
755 947 864 1010 parma.

116 1015 156 1090 ‚m
178 1014 318 1086 iuvenies
336 1013 445 1074 vicisse
467 1014 535 1073 doio
559 1024 654 1087 ratus,
684 1014 780 1076 avolat
802 1015 880 1096 ipse,

121 1098 208 1160 Haud
230 1101 335 1171 mora‚'
358 1101 565 1181 conversisque
589 1100 676 1180 tegar
698 1101 828 1167 aufertur
849 1099 985 1178 habenis,

122 1183 408 1268 Quadrupedemque
429 1185 518 1244 citum
542 1185 645 1246 [errata
668 1186 748 1246 calce
770 1186 878 1266 fatigat.

120 1270 201 1332 Vane
218 1270 330 1352 Ligus,
361 1270 529 1353 frustraque
551 1272 656 1332 animis
678 1271 753 1334 etate
775 1272 926 1352 superbis,
1108 1283 1160 1334 rte

120 1355 307 1438 Nequiquam
329 1356 436 1437 patrias
457 1358 572 1417 tentasti
597 1357 728 1419 lubricus
751 1368 842 1428 artes,

121 1441 185 1504 Nec
207 1441 287 1522 fraus
309 1450 338 1501 ta
358 1441 536 1504 incolumem
560 1442 653 1503 Taiiaci
676 1444 798 1524 perteret
819 1441 926 1508 nuno}

122 1528 203 1589 Haeo
225 1527 299 1588 satur
321 1519 420 1606 uirgo,
450 1537 478 1588 et
499 1528 667 1608 pernicibus
689 1529 773 1607 ignea
795 1529 902 1610 plantis

80 1659 87 1672 ,
121 1613 236 1674 Transit
256 1633 366 1694 equum
389 1633 494 1684 cursu,
525 1609 672 1696 bonisque
693 1611 815 1674 adiersa
839 1613 991 1696 prehensis

122 1697 318 1778 Congreditur
334 1717 509 1780 poenasque
531 1699 648 1758 inimico
670 1691 705 1760 eir
727 1701 870 1778 sanguine
892 1701 994 1762 sonu:
1091 1709 1164 1760 tto

122 1782 218 1855 Quam
241 1783 324 1844 facile
346 1785 481 1864 accipiter
502 1803 574 1844 saxo
597 1803 686 1844 sacer
702 1785 764 1846 aies
786 1785 824 1845 ob
846 1785 904 1846 alto

123 1868 319 1951 Consequitur
340 1870 442 1950 pennis
465 1868 620 1928 sublimem
644 1870 673 1930 in
695 1870 772 1930 nube
794 1871 976 1945 columbam,
1054 1895 1056 1902 ⁴

38 2009 44 2022 ,
121 1945 393 2036 comprensamque
415 1953 696 2036 tenet'pedibusque
711 1957 859 2020 ,eviscerat
882 1959 982 2032 uncis3

54 2099 56 2106 .
121 2039 197 2102 Tum
220 2060 309 2101 cruor
330 2049 358 2100 et
380 2039 481 2100 vulsae
504 2039 639 2100 labuntur
657 2042 698 2104 ab
720 2041 835 2102 aethere
857 2042 983 2124 plumae.

91 2134 95 2140 '
208 2127 244 2187 tt
265 2121 322 2186 non
346 2124 419 2186 haec
441 2125 529 2186 nuiiis
552 2125 701 2188 hominum
724 2137 803 2189 sator
823 2138 911 2209 atque
932 2128 1058 2190 deorum
1108 2135 1166 2188 'tat

122 2209 293 2274 observaris
315 2211 408 2272 ocutis
430 2231 547 2272 summo
569 2212 657 2274 sedet
671 2214 746 2276 attus
769 2213 904 2294 Oiympo.
1019 2215 1021 2224 “

99 2316 102 2322 ·
123 2291 303 2380 Tyrrhenum
326 2299 439 2377 genitor
461 2297 640 2360 Tarchonem
663 2300 691 2360 in
715 2299 822 2381 proelia
845 2317 931 2361 saeva
1022 2335 1024 2340 .

121 2381 279 2453 Suscitat,·
297 2393 326 2443 et
347 2383 472 2444 stirnuiis
495 2383 571 2445 haud
591 2385 734 2446 moilibns
756 2385 845 2444 iniicit
867 2386 934 2446 irae.
1031 2391 1034 2400 “

124 2468 204 2546 Ergo
226 2468 300 2527 inter
322 2469 426 2530 caedes
448 2468 636 2551 cedentiaque
658 2471 773 2550 agmina
796 2469 926 2530 Tarchon

126 2555 227 2616 Fertor
249 2572 325 2633 equo
348 2555 498 2636 variisque
517 2556 634 2634 instigat
656 2557 778 2618 vocibus
800 2555 877 2628 alas,
1109 2564 1168 2616 730

124 2639 249 2700 Nomine
271 2657 418 2724 quemque
439 2660 548 2702 vocans
570 2641 720 2724 reficitque
742 2642 771 2702 in
794 2641 915 2722 proelio·
927 2641 1041 2720 poison.

126 2719 201 2798 Quis
223 2731 330 2804 nectus,
360 2743 379 2784 ο
401 2725 713 2809 numquamdoiituri,
742 2747 763 2786 o
783 2746 899 2808 semper
921 2727 1031 2812 inertes

126 2893 187 2947 aiut
200 2893 270 2948 attur
283 2889 372 2946 (toto't
384 2889 489 2946 manc
503 2891 633 2962 'Ligures
661 2893 719 2959 neda
734 2895 817 2948 Hom.
834 2894 866 2948 11.
890 2897 931 2960 22,
952 2895 1001 2946 1³9
1019 2893 1061 2964 ᾖ]
1084 2911 1168 2960 secer,

125 2977 222 3012 omnes
233 2953 366 3012 fniiuoee³¹
378 2987 413 3002 -
424 2957 482 3012 ili.
496 2977 560 3014 ense
573 2963 634 3030 ped.
661 2968 701 3018 ott
719 2963 935 3030 huquritntegtt,
959 2965 1011 3027 uqi.
1025 2965 1106 3016 Hom.
1122 2964 1169 3016 ΟΛ.

126 3029 200 3084 nudo
221 3031 239 3095 Ῐ.
261 3033 285 3092 7,
310 3030 356 3080 tet
395 3057 429 3066 -
453 3025 511 3080 719.
537 3031 636 3082 transit
663 3035 700 3093 ib,
714 3035 778 3084 5251
793 3031 901 3098 Κίρκος,
911 3026 1078 3094 ’Λπόλλωνος
1088 3027 1169 3100 ruptis

125 3111 190 3164 equ.
208 3114 303 3161 cursu,
326 3107 376 3164 opt.
390 3093 450 3150 tter
461 3096 514 3162 ibat
528 3097 634 3157 &muro
661 3094 780 3167 ἅγγελος]
796 3129 829 3140 ··-
842 3097 899 3150 730.
910 3101 986 3164 ates,
1000 3102 1053 3169 opt.
1063 3101 1097 3154 ib.
1107 3103 1168 3151 Suae

126 3164 380 3234 enutrierunt,
394 3167 443 3220 808
452 3162 487 3234 h]
499 3193 532 3204 -
545 3163 595 3218 ΠΙ
608 3167 635 3233 h·
661 3167 782 3220 Arcados
805 3164 880 3236 aue]
906 3197 940 3210 -
964 3165 1025 3222 tta.
1054 3165 1169 3243 delituri
1199 3233 1200 3240 ἵ
