2428 3634
320 227 442 282 suone
468 227 567 282 uranu
584 227 632 282 ru
646 245 670 280 v.
691 225 837 282 ιει-ςυ.
915 262 917 268 .
1007 192 1097 278 'aa

67 383 201 447 Omnibus
222 397 278 448 uua
301 382 385 468 quies
407 405 537 468 operum,
559 387 643 470 lubor
665 385 799 462 omuibus
820 405 907 448 uuus.
1029 419 1032 428 ,

63 468 146 531 blane
167 483 251 536 ruunt
271 477 381 556 portis3
396 493 544 554 nusquam
566 493 664 550 moras
687 493 787 535 rursus
811 472 930 537 easdem
980 485 981 490 ’
1045 485 1097 540 185

63 553 175 638 Vesper
196 561 245 621 ubi
268 580 285 620 e
306 571 392 645 pastu
414 562 530 622 tandem
553 562 701 646 deeedepe
719 563 831 640 eampis
1097 563 1100 568 ’

62 641 224 724 Admonuit,
248 657 307 709 tum
329 657 407 709 teoto
429 657 545 728 petunt,
563 658 623 708 tum
645 665 771 729 corpora
794 656 913 722 ourant3

62 728 106 789 Fit
128 736 240 794 sonitus
263 743 451 814 mussantque
474 753 542 796 oras
565 743 595 795 et
616 735 713 820 limina
737 736 856 796 eiroum.

64 813 141 894 Post,
164 819 213 880 ubi
236 823 292 881 iarn
315 821 449 882 tbulamis
472 839 510 894 se,
529 839 731 900 composuere,
756 820 857 882 siletur

62 899 92 961 1¹¹
113 915 238 984 motem,
262 906 418 988 fessosque
441 925 533 988 sopor
555 925 624 970 suus
646 916 773 987 ooeupat
795 917 884 968 artus.
1018 915 1096 974 ,100
1151 921 1155 930 ·

61 985 121 1050 Ne'e
142 1010 213 1054 vero
235 1012 253 1054 a
276 995 399 1056 stabulis
420 993 518 1074 pluvia
541 993 727 1074 impendente
749 993 890 1054 recedunt
1183 999 1188 1006 '

61 1073 196 1156 Longius,
219 1089 270 1142 aut
292 1081 413 1164 erepduut
435 1080 520 1142 eaelo
542 1079 762 1142 adventantibus
784 1079 889 1162 Euris,
971 1106 980 1122 ³

61 1162 117 1222 Sed
140 1168 249 1228 circum
271 1175 350 1228 tutae
373 1166 426 1227 sub
449 1167 601 1228 moenibus
624 1166 704 1228 urbis
727 1175 877 1245 aquantur,

60 1247 274 1332 Excursusque·
288 1253 528 1314 brevestentant
551 1263 580 1314 et
603 1271 694 1333 saepe
716 1251 845 1332 lapillos,
952 1291 954 1296 ·
1060 1289 1066 1306 .

60 1331 95 1394 tu
117 1339 239 1414 cymbae
261 1339 413 1400 instabiles
436 1339 524 1400 lluotu
546 1343 674 1402 iaetaute
697 1339 857 1414 saburrum,
1047 1346 1098 1403 itta

59 1420 182 1502 l'ollunt,
206 1426 252 1510 bis
275 1443 344 1488 sese
365 1443 420 1506 per
442 1429 538 1494 inania
556 1425 797 1486 nubila'libreut.

59 1505 138 1570 Illum
161 1513 237 1573 adeo
261 1512 410 1592 placuisse
432 1512 536 1592 apibus
559 1511 704 1574 mirabere
725 1529 845 1586 morem,
926 1559 928 1562 .

60 1593 145 1668 Quod
167 1615 268 1684 neque
288 1597 444 1660 eoueubitu
461 1598 627 1676 indulgent,
649 1617 707 1658 nee
729 1613 855 1678 corpora
877 1613 986 1674 segnes
1077 1624 1088 1642 ·

57 1678 258 1746 luvenerem
281 1685 406 1762 solvunt,
430 1695 479 1746 aut
501 1685 577 1748 fetus
600 1685 717 1746 nixibus
740 1684 844 1758 edunt,

57 1765 163 1830 Verum
187 1774 312 1852 ipsae-e
334 1772 414 1834 loliis
435 1782 522 1834 natos
546 1782 575 1834 et
597 1771 734 1833 suavibus
757 1770 857 1832 berbis
1044 1777 1098 1836 000

58 1854 115 1915 Ore
137 1857 249 1936 legunt,
274 1861 357 1938 ipsae
379 1877 671 1940 regem-parvosque
694 1858 824 1933 Quirites

57 1942 220 2020 Sullioiunt,
245 1945 385 2023 aulasque
407 1955 437 2006 et
460 1961 546 2008 oerea
569 1945 839 2024 regna'reliuguut.

56 2030 153 2111 Saepe
176 2034 264 2092 etiam
287 2031 366 2091 duris
389 2031 512 2093 errando
536 2035 565 2090 in
586 2031 700 2092 cotibus
723 2031 785 2090 alas

54 2115 212 2194 Attrivere,
236 2117 372 2195 ultroque
393 2117 517 2195 auimam
541 2116 594 2178 sub
617 2115 699 2176 fasee
722 2115 845 2176 dedere:
1147 2173 1149 2178 .

54 2202 268 2266 Tantusamor
290 2202 392 2264 borum
415 2211 445 2262 et
466 2202 627 2281 generandi
648 2201 744 2279 gloria
766 2200 872 2262 mellis.
1045 2207 1100 2267 mo
1195 2211 1196 2218 ’

53 2286 134 2368 Ergo
159 2293 242 2371 ipsas
265 2291 395 2368 quamvis
419 2291 536 2367 augusti
557 2290 698 2349 terminus
721 2290 797 2358 aevi¹
1195 2299 1196 2302 ’

55 2374 196 2458 Excipiet
219 2407 239 2421 -
261 2393 357 2455 neque
380 2378 455 2439 euim
478 2375 544 2456 plus
567 2377 691 2454 septima
714 2373 827 2434 dubitur
848 2381 946 2434 aestas
970 2404 988 2416 -

54 2462 92 2522 At
115 2481 212 2540 genus
236 2462 399 2524 immortale
419 2473 526 2538 manet,
549 2462 714 2540 mrrltoaque
735 2479 789 2541 per
806 2477 905 2520 anuos
1014 2468 1021 2498 '-

53 2546 259 2612 Stat'iortuua
283 2549 384 2610 domus
397 2542 437 2610 ¹et
459 2552 506 2610 avi
528 2557 714 2612 numerantur
736 2564 865 2608 avorum.
928 2570 930 2574 ·
986 2577 992 2588 ·

52 2635 212 2698 Praeterea
234 2653 335 2713 regern
357 2653 416 2697 nou
429 2638 483 2698 sio
505 2635 660 2716 Aegyptos
684 2636 840 2710 elingens
1033 2640 1099 2696 ulo

27 2721 156 2800 ludia,
181 2740 237 2781 nee
259 2722 361 2802 populi
383 2722 553 2784 Parthorum
576 2731 625 2785 aut
640 2718 927 2799 'bledus‘llyduspes

53 2808 233 2869 observant.
277 2808 362 2886 Rege
383 2807 521 2870 ineolumi
543 2813 626 2868 mens
649 2807 782 2870 omuibus
804 2823 865 2869 uua
884 2813 944 2879 est,
1005 2841 1007 2853 ·
1057 2835 1058 2842 κ

51 2896 177 2957 Amisso
199 2912 306 2974 rupere
328 2895 423 2970 fidem,
448 2904 673 2973 construet-aque
694 2893 780 2954 mella

51 2981 214 3064 Diripuere
235 2984 318 3060 ipsae
341 2990 370 3040 et
393 2989 490 3040 crates
513 2980 629 3041 solvere
651 2980 791 3058 favorum.

51 3093 114 3171 roo.
130 3089 230 3182 'sopor
254 3109 329 3179 snus,
358 3115 401 3170 aa
424 3113 499 3181 senaa
521 3127 562 3182 ae
597 3111 658 3170 roe.
681 3115 699 3181 t.
719 3117 753 3172 o.
772 3111 833 3180 nse]
852 3141 887 3151 -
904 3109 957 3164 roo
974 3111 1002 3179 a.
1022 3111 1096 3179 ipsae

49 3185 185 3252 bibemus
203 3185 365 3252 &autumnum
389 3183 447 3249 (mis
466 3196 492 3238 es
510 3195 560 3240 oon
596 3223 619 3238 ..
641 3185 727 3253 ipsae,
760 3185 783 3238 0.
805 3183 822 3236 t.
853 3180 885 3248 sm
912 3181 1000 3246 atriu,
1034 3180 1097 3246 atus

50 3254 146 3311 trusit
179 3253 335 3312 emmetra
364 3252 495 3324 900οτ0]
525 3281 561 3296 -
595 3255 707 3370 buum]
725 3283 761 3296 -·
782 3249 998 3390 ibbppltroque,
1024 3249 1094 3324 prb
