2418 3640
524 62 532 82 3
613 37 618 68 ¹
655 75 660 86 r

655 87 672 108 Ι

24 243 27 250 ·
108 243 194 310 aa·
419 195 685 298 annnroeau.
704 238 864 294 ver-254.
898 215 904 224 ’

46 424 53 432 κ
109 380 281 443 Panduntur
303 387 416 462 portam
447 381 527 442 iuvat
547 381 590 442 ire
611 389 641 442 et
662 380 766 442 Dorica
788 389 887 449 castra

80 495 83 506 ¹
108 467 308 547 Desertosque
328 466 428 527 videre
451 466 531 528 locos
548 447 682 547 litusque
704 466 847 528 relictum.

27 613 33 622 ,
109 553 165 616 Hic
188 552 332 632 Dolopum
353 569 474 626 manus,
504 550 552 611 hic
574 571 682 613 saevus
704 551 837 612 tendebat
858 550 1000 628 Achillem
1031 619 1035 630 ,

110 637 335 700 Classibus·hic
357 637 455 710 locus,
482 635 531 698 hic
552 637 615 698 acie
637 646 747 697 certare
769 635 913 698 sciebant.
1122 635 1164 714 36

109 723 182 784 Pars
205 730 303 803 stupet
324 722 462 802 innuptae
483 721 593 785 donum
615 722 729 782 exitiale
751 721 913 795 Minervae,

69 862 72 871 ,
109 808 145 868 Et
166 807 276 873 molem
297 807 439 868 mirantur
460 808 543 888 equi3
573 808 745 890 primusque
766 806 939 888 Thymoetes
1032 878 1034 882 .
1086 824 1090 830 ’

6 898 28 926 ”
56 883 74 954 ζ
109 893 187 953 Duoi
208 893 281 953 intra
302 911 404 954 muros
427 892 560 954 hortetur
582 902 610 954 et
631 913 697 954 arce
720 893 829 962 locari,

110 977 179 1042 Sive
202 977 283 1048 doio,
314 995 368 1038 seu
390 977 449 1038 iarn
472 979 574 1040 Troiae
596 979 640 1040 sic
662 979 719 1039 sata
743 977 881 1039 ierebant

111 1047 146 1126 At
169 1063 282 1145 Capye,
311 1071 340 1124 et
362 1082 489 1144 quorum
510 1064 614 1127 melior
636 1064 776 1126 sententia
799 1063 902 1132 menti,

109 1150 167 1210 Aut
187 1149 293 1230 pelago
314 1149 446 1216 Danaum
466 1149 590 1212 insidias
612 1158 811 1230 suspectaque
831 1148 907 1208 dona

102 1234 306 1314 'Praecipitare
327 1233 439 1305 iubent,
470 1234 669 1315 subiectisque
690 1254 777 1294 urere
799 1234 940 1308 flammis,

42 1397 43 1402 η
109 1320 167 1390 Aut
188 1319 334 1380 terebrare
356 1338 444 1382 cevas
467 1321 541 1382 uteri
563 1329 592 1380 et
613 1319 722 1380 tentare
744 1319 884 1382 latebras

110 1403 288 1466 Scinditur
281 1404 430 1466 incertum
445 1405 571 1467 studia'
563 1427 592 1466 ru
615 1405 759 1468 contraria
781 1405 901 1484 vulgus.

197 1490 313 1551 Primus
336 1491 377 1550 ibi
399 1500 464 1551 ante
485 1511 602 1561 omnes,
633 1511 738 1570 magne
761 1492 916 1551 comitante
939 1499 1100 1572 caterva,
1121 1487 1203 1554 to

110 1575 245 1636 Laocoon
269 1570 374 1636 ardens
396 1595 511 1636 summa
534 1576 662 1637 decurrit
683 1576 720 1636 ab
742 1595 824 1644 arce,

110 1661 146 1720 Et
168 1659 282 1740 procul:
312 1660 475 1732 Omiseri,
505 1679 582 1742 quae
604 1670 681 1723 tanta
705 1661 832 1733 insania,
863 1659 966 1724 cives?
1008 1697 1010 1702 ,

111 1745 235 1810 Creditis
257 1753 375 1816 avectos
397 1743 518 1806 hostes?
546 1753 595 1806 aut
617 1746 676 1806 ulta
699 1747 825 1826 putatis
831 1797 835 1801 .

109 1831 190 1892 Dona
214 1849 313 1898 carere
335 1829 410 1890 dolis
432 1829 586 1892 Danaum?
616 1831 659 1892 sic
682 1841 768 1892 notus
791 1829 909 1894 Ulixes?
948 1873 951 1878 -

109 1917 167 1978 Aut
188 1915 256 1975 hoc.
267 1915 373 1977 inclusi
396 1915 475 1995 ligno
498 1915 679 1978 occultantur
700 1912 817 1988 Achivi,

109 2001 166 2062 Aut
188 2000 261 2074 haec
281 2001 311 2060 iu
334 2008 449 2064 nostros
472 2001 608 2062 fabricata
631 2010 675 2062 est
697 2003 830 2062 maehina
854 2016 970 2077 muros,

109 2087 278 2167 inspectura
300 2085 405 2148 domos
427 2097 607 2169 venturaque
629 2086 757 2169 desuper
779 2088 859 2159 urbi,
892 2093 900 2104 “

14 2251 20 2256 .
88 2173 166 2234 ‘Aut
188 2172 293 2253 aliquis
316 2172 384 2233 latet
405 2191 497 2234 error.
541 2173 626 2255 Equo
647 2193 684 2234 ne
706 2174 827 2246 credite,
858 2173 971 2236 Teucri.

80 2288 84 2306 ι
109 2257 259 2341 Quidquid
281 2257 311 2318 id
333 2267 391 2333 est,
417 2260 506 2320 timeo
529 2260 646 2321 Danaos
668 2267 697 2320 et
719 2259 793 2320 dona
817 2258 950 2322 serentes.
967 2266 1027 2310 -ἐ
1053 2315 1054 2322 ,
1108 2307 1113 2314 .

109 2343 159 2404 Sic
180 2344 257 2405 fatus
280 2343 385 2406 validis
407 2345 553 2425 ingentem
576 2345 688 2406 viribus
710 2345 823 2407 hastam
844 2367 864 2389 s

61 2471 65 2476 -
107 2429 140 2487 ln
163 2427 238 2489 latus
260 2429 348 2510 inque
371 2430 423 2489 ieri
446 2451 566 2492 curvam
589 2430 781 2512 compagibus
804 2431 901 2491 alvum

108 2513 263 2575 Contorsit.
307 2513 390 2574 Stetit
412 2515 460 2576 iiia
482 2525 623 2591 tremens,
654 2525 796 2598 uteroque
818 2534 940 2578 recusso
1015 2578 1018 2584 ,
1054 2541 1059 2548 ·

81 2601 83 2607 ‘
108 2599 267 2660 Insonuere
289 2618 378 2672 cavae
400 2602 599 2682 gemitumque
622 2600 727 2662 dedere
749 2621 900 2665 cavernae.

107 2685 158 2756 Et,
188 2685 215 2751 si
237 2683 293 2746 iata
316 2684 419 2762 deum,
449 2688 474 2748 si
497 2705 580 2748 mens
603 2707 661 2746 non
684 2687 765 2747 laeua
788 2686 905 2762 fuisset,

8 2910 17 2916 .
108 2867 151 2921 34.
183 2868 260 2938 dolo,
291 2828 410 2937 admittit,
441 2870 499 2925 tecit
529 2884 554 2925 tt
578 2869 621 2937 iidt
647 2867 689 2924 52.
714 2887 885 2924 recusso:
915 2886 1088 2952 repercusso,
1114 2887 1166 2926 so-

107 2936 183 3002 huit'tt
201 2909 287 3002 ttidtttt
308 2939 405 3000 notu
429 2939 621 3004 6463336431υῦ
647 2956 712 2991 num
740 2936 945 3022 reddente]-
975 2939 1017 2992 54.
1044 2938 1070 2990 si
1098 2921 1203 2994 fata

107 3005 605 3074 631433363336063934646634443
647 3008 728 3060 deum
758 3008 787 3072 (a
816 3007 874 3058 dcis
902 3007 1064 3069 constitute,
1087 3008 1109 3088 J.
1134 3012 1162 3074 3

106 3071 214 3127 -36
242 3075 401 3156 pelago:
424 3075 451 3126 in
475 3076 604 3156 pelagum
647 3077 726 3139 tlt),¹
700 3075 855 3141 )ttdttt1td)
877 3075 1050 3128 fuissent:
1072 3075 1097 3126 si
1115 3075 1165 3128 fe·
1202 3107 1203 3174 }

106 3171 140 3184 -·
158 3141 201 3198 43.
219 3142 320 3211 aqutrls
337 3142 541 3196 cromatius
559 3144 620 3211 quis
647 3146 702 3194 tete
724 3143 825 3196 fuisset
851 3145 898 3210 (ut
929 3143 1044 3198 insidiae
1080 3143 1203 3198 dete

36 3278 41 3284 ι
103 3211 251 3280 ’Μυη-
473 3253 478 3262 ,
554 3249 557 3254 .
641 3207 875 3282 gerentum]—
