2428 3634
905 109 926 142 Ν

128 213 171 278 ta
279 283 284 292 ,
399 189 521 286 mons.
544 231 643 286 nucu
659 233 678 286 ι.
702 249 726 284 v.
747 189 890 286 rsa-Lars.

128 390 188 452 Aut
209 388 302 452 oculis
325 393 403 472 capti
425 389 527 452 ledere
550 391 656 458 cubilia
677 392 784 472 talpae,

128 475 324 559 lurentusqpe
346 480 426 538 cavis
447 477 527 552 bulo,
551 486 580 538 et
602 497 677 557 quae
698 479 937 558 plurimaterrae

127 561 258 624 Monstla
280 563 383 638 lerunt,
406 559 583 643 populatque
606 567 752 642 ingentem
774 563 860 624 larris
882 582 1017 626 acervum
1109 577 1157 630 185

128 647 263 712 Gurculio
286 659 374 730 atque
394 652 475 728 inopi
496 659 627 710 metucns
650 651 770 712 formica
793 659 939 710 senectae.

192 733 411 815 Contemplator
432 737 510 810 item,
534 753 597 796 curn
621 755 655 799 se
676 755 735 796 nux
755 735 878 814 plurima
901 735 982 798 silvis

126 819 227 882 lnduct
248 823 277 881 in
299 813 400 882 liorem
423 829 453 880 et
474 838 570 882 ramos
594 823 723 884 curvabit
745 821 869 882 olentes.

126 907 159 966 Si
181 915 319 986 superant
341 906 427 982 letus,
450 909 559 986 pariter
581 907 721 968 frumenta
745 917 911 986 sequantur,
944 903 951 910 ’

124 991 289 1071 Magnaque
312 1010 375 1054 cum
398 1009 503 1070 magno
525 998 623 1056 veniet
644 997 744 1056 tritura
766 993 880 1067 calorc;
1110 1007 1157 1060 tau

124 1077 165 1140 Ar
186 1080 212 1138 si
233 1077 344 1139 luxuria
367 1074 500 1140 loliorum
525 1081 663 1142 exuberat
684 1080 794 1156 umbra,

114 1161 305 1244 ”Nequiquam
326 1168 450 1245 pingues
472 1164 556 1244 palea
579 1175 654 1227 teret
676 1185 744 1228 area
767 1166 888 1228 crdmos.
917 1194 919 1198 ·

190 1250 308 1312 Semina
330 1251 389 1311 ridi
411 1251 544 1331 equidem
572 1251 678 1314 multos
699 1253 847 1314 medicare
869 1261 1001 1312 serentes

123 1334 163 1396 lit
184 1337 362 1417 nitro-prius
385 1346 415 1398 ct
436 1340 519 1416 nigra
541 1338 716 1418 perfundere
739 1355 867 1416 amurca,
964 1390 967 1400 ,

43 1462 47 1468 -
125 1419 268 1484 Grandior
289 1433 320 1485 ut
341 1424 417 1484 lctus
440 1424 553 1502 siliquis
575 1423 727 1485 fallacibus
750 1433 840 1500 esset,
1109 1437 1157 1490 itti

122 1506 170 1585 Et,
194 1513 323 1588 quamvis
346 1512 407 1588 igni
429 1513 545 1588 exiguo,
567 1520 724 1591 properata
746 1509 904 1572 maderent.

86 1643 91 1658 ,
123 1593 190 1654 Vidi
212 1593 288 1656 lecta
310 1595 358 1656 diu
381 1604 410 1656 et
431 1596 520 1658 multo
542 1605 674 1675 spectate
695 1596 796 1658 labore
903 1603 905 1612 ’

123 1679 312 1758 Degenerare
333 1678 439 1764 tamem
462 1685 492 1742 ni
513 1684 558 1742 vis
581 1677 702 1742 humana
726 1684 880 1761 quotannis

122 1764 248 1826 blasima
270 1785 403 1846 quaeque
424 1785 510 1828 manu
532 1767 654 1844 legeret.
699 1769 750 1828 Sic
773 1769 867 1830 omnia
891 1767 957 1830 latis

7 1889 9 1892 -
101 1850 154 1932 ln
175 1853 259 1932 peius
281 1870 366 1912 ruere
388 1869 423 1912 ac
445 1861 523 1914 retro
546 1852 684 1934 sublapsa
706 1853 819 1930 reterri,
1104 1867 1155 1922 atto

66 1945 69 1952 '
121 1934 188 1998 Non
210 1937 303 2014 aliter,
327 1955 411 2017 quam
435 1939 484 2016 qui
507 1938 630 2000 adverso
652 1933 701 2000 rin
723 1938 840 2000 flumine
861 1939 985 2000 lembum

121 2020 264 2101 Remigiis
286 2022 403 2102 subigit,
433 2026 459 2084 si
479 2021 600 2085 brachia
622 2025 699 2086 farte
721 2029 842 2102 remisit,
928 2090 929 2094 ,

121 2107 218 2188 mque
240 2107 318 2170 illum
341 2111 369 2170 in
391 2127 535 2190 praeceps
557 2129 651 2191 prono
674 2113 750 2192 rapit
771 2111 871 2172 alveus
894 2114 980 2173 amni.

185 2194 343 2268 Praeterea
361 2205 418 2258 tarn
441 2206 508 2258 sunt
527 2196 645 2258 Arcturi
667 2197 764 2260 sidera
785 2196 871 2258 nobis

121 2277 343 2364 Haedorumque
365 2283 428 2348 dies
451 2283 585 2344 servandi
607 2294 637 2344 et
657 2279 770 2345 lucidris
791 2284 915 2360 Anguis,
1020 2361 1026 2373 .
1104 2299 1153 2352 atet

122 2365 216 2440 Quam
237 2368 341 2448 quihus
364 2371 393 2429 in
415 2371 537 2450 patriam
559 2379 680 2432 ventosa
703 2388 757 2450 per
778 2386 905 2450 aequora
928 2373 1021 2432 vectis

119 2451 228 2514 Pontus
251 2463 281 2514 et
302 2454 431 2518 ostrileri
452 2454 554 2516 lauces
576 2465 721 2516 tentantur
741 2453 848 2533 Abydi.

119 2537 206 2600 bibra
228 2538 275 2599 die
297 2542 449 2621 somnique
470 2559 556 2621 peres
578 2539 628 2602 ubi
650 2541 754 2602 facerit
774 2540 872 2618 boras,

119 2623 158 2686 tit
179 2623 303 2686 medium
324 2622 382 2688 luci
405 2635 492 2707 atqua
513 2627 622 2688 umbris
644 2630 701 2688 iam
723 2627 954 2704 dimittentem,
1066 2657 1072 2670 κ

119 2709 274 2788 Exercete,
296 2713 361 2788 viri,
383 2719 493 2792 tauros,
522 2715 618 2775 serite·
632 2713 741 2776 hordea
764 2714 874 2792 campis
1038 2723 1040 2726 ’
1101 2726 1152 2782 ulti
1172 2733 1175 2738 ·
1199 2725 1202 2732 “

120 2795 220 2878 Usque
242 2796 295 2861 sul)
318 2806 474 2860 extremum
497 2799 616 2862 brumae
638 2798 828 2862 intractabilis
851 2799 981 2864 imbrem.

78 2907 80 2915 Ι
103 2933 273 3003 'tuofruere
351 2949 546 3070 referrilpppn„
568 2951 616 3002 ab·
652 2948 717 3013 4813
744 2947 826 3015 9159
849 2964 874 3005 u.
896 2945 941 3018 60]
961 2980 995 2990 -
1012 2949 1073 3005 208.
1096 2953 1150 3016 die,

120 3017 212 3084 snl.,'l.
229 3018 259 3070 Λ.
277 3017 302 3082 d,
321 3015 382 3084 tat]
401 3019 454 3057 ·-·-‘
499 3021 616 3083 ‚vectis
651 3021 701 3074 alle
728 3019 806 3088 &otta
838 3021 881 3074 bed
907 3022 983 3087 percit.
1010 3023 1089 3088 stirp,
1119 3021 1150 3073 Z.¹

120 3087 145 3140 b.
156 3085 172 3138 l.
184 3085 218 3138 iis
237 3087 281 3155 qui
299 3088 439 3148 vehunturt
456 3087 503 3140 bat
519 3089 616 3155 partic.
652 3089 673 3156 ᾗ.
690 3086 736 3144 85.
752 3087 866 3144 llnmttl.
884 3085 912 3156 3]
925 3118 959 3159 -.
971 3086 1033 3144 209.
1052 3089 1148 3154 orbant,

118 3153 187 3222 pers.
205 3153 248 3208 bed
267 3155 357 3224 clepera.
376 3156 435 3220 batt
458 3157 500 3208 bed
516 3174 614 3224 praes,
650 3155 703 3210 bl.
720 3157 906 3227 complacaret]
925 3187 958 3198 -
1068 3221 1074 3234 ,

119 3223 170 3288 aql.
199 3227 275 3278 caten
299 3225 333 3278 at.
357 3221 423 3288 2935
448 3219 514 3286 3393
540 3224 570 3274 Α.
590 3223 614 3290 1,
690 3279 694 3289 ,
